2476 3824
133 235 172 292 30
530 212 732 278 LAELIUS
996 243 997 248 ¹
1056 217 1136 299 [119

132 341 225 419 magis
239 343 338 416 cred0‚
356 354 415 417 aut,
431 343 455 404 si
469 343 634 422 quisquam,
650 345 699 405 ille
713 344 831 422 sapiens
845 344 906 407 fuit.
950 347 1019 421 Quo
1034 349 1134 420 m0d0‚

132 439 246 499 utalia
268 441 412 514 omittam,
435 454 561 502 mortem
581 442 624 501 fili
647 442 714 503 tulit
725 447 734 502 l>
774 443 972 503 Memineram
1000 446 1134 517 Paulum,

132 534 263 595 videram
278 538 417 610 Gallum3
438 539 491 597 sed
504 537 536 596 hi
554 537 585 596 in
599 538 706 614 pueris
723 540 800 599 Cato
814 539 846 598 in
866 541 996 616 perfecto
1011 551 1040 600 et
1054 560 1136 616 spec-

81 633 118 691 10
133 643 195 692 tato
211 631 282 693 viro.
326 635 425 707 Quam
442 635 483 694 ob
500 653 563 694 rem
580 655 652 696 cave
674 636 784 696 Catoni
801 648 966 714 anteponas
984 658 1023 698 ne
1044 637 1133 698 istum

132 729 255 806 quidem
279 729 385 806 ipsum,
409 750 498 808 quem
522 733 694 808 Ap0110‚ut
716 733 768 807 aiS,
794 735 1042 811 sapientissimum
1063 735 1136 795 iudi·
1163 767 1175 805 5

133 824 341 886 cavitt'huius
367 827 448 886 enim
471 829 557 900 facta,
580 828 658 887 illius
686 828 767 888 dicta
793 830 959 892 laudantur.
1010 833 1059 890 De
1087 851 1135 891 me

132 934 241 996 autem,
267 934 300 982 ut
321 924 381 982 iam
399 943 468 982 cum
487 934 612 1001 utroque
630 935 759 985 vestrum
780 927 894 1002 loquar,
921 925 966 986 sic-
986 926 1134 986 habetote.

133 1026 193 1083 111.
230 1025 295 1099 Ego
317 1023 341 1082 si
366 1022 514 1098 Scipionis
539 1022 686 1082 desiderio
709 1042 758 1083 me
779 1023 891 1082 moveri
911 1042 1026 1100 negem,
1046 1043 1135 1100 quam

132 1120 163 1179 id
177 1131 256 1180 recte
270 1119 375 1179 faciam
388 1119 515 1179 viderint
530 1118 685 1196 sapientes
699 1120 752 1180 sed
763 1131 842 1180 certe
851 1119 984 1178 mentiar.
1008 1121 1135 1179 Moveor

133 1215 213 1274 enim
230 1215 281 1274 tali
300 1216 397 1274 amico
412 1217 539 1288 orbatus,
560 1216 663 1291 qualis,
682 1226 715 1275 ut
736 1215 867 1288 arbitror,
885 1234 975 1274 nemo
995 1235 1137 1291 umquam
1153 1249 1177 1276 10

133 1312 195 1385 erit,
209 1322 242 1371 ut
256 1313 431 1371 confirmare
444 1331 576 1388 possum,
592 1332 681 1372 nemo
696 1324 775 1372 certe
794 1312 856 1372 suit.
900 1313 959 1372 Sed
978 1332 1040 1372 non
1050 1333 1135 1389 egeo

134 1408 300 1469 medicina:
322 1429 370 1469 me
384 1408 448 1485 ipse
462 1410 600 1469 consolor
614 1419 644 1468 et
657 1409 784 1469 maxime
798 1409 849 1468 illo
869 1407 987 1481 solacio,
1003 1410 1084 1485 quod
1098 1429 1135 1469 eo

132 1525 227 1565 errore
249 1524 345 1578 careo,
363 1524 424 1581 quo
446 1505 610 1566 amicorum
634 1507 760 1566 decessu
781 1507 915 1583 plerique
938 1505 1007 1582 angi
1029 1506 1132 1565 solent.

133 1602 216 1661 Nihil
242 1603 313 1661 mali
335 1601 478 1662 accidisse
503 1601 634 1678 Scipioni
657 1613 753 1679 puto:
780 1601 853 1661 mihi
877 1601 993 1674 accidit,
1015 1602 1039 1661 si
1062 1601 1134 1678 quid

132 1700 241 1760 accidit
245 1722 254 1774 3
276 1700 334 1760 suis
348 1711 448 1760 autem
468 1700 668 1761 incommodis
684 1700 809 1777 graviter
827 1699 896 1777 angi
915 1718 977 1759 non
995 1698 1132 1772 amicum,
1150 1730 1173 1768 ις

81 1797 118 1854 11
134 1799 186 1858 sed
205 1819 237 1858 se
255 1799 351 1876 ipsum
368 1799 494 1859 amantis
512 1810 564 1860 est.
608 1801 686 1860 Cum
706 1799 757 1858 illo
771 1818 841 1858 vero
856 1797 922 1875 quis
934 1807 1023 1874 neget
1036 1808 1135 1857 actum

134 1919 198 1959 esse
212 1902 389 1977 praeclare?
429 1899 496 1960 Nisi
517 1900 605 1973 enim,
621 1899 703 1976 quod
724 1898 774 1958 ille
795 1897 918 1957 minime
937 1898 1069 1974 putabat,
1084 1896 1137 1955 im-

133 1997 340 2057 mortalitatem
350 2008 452 2074 optare
462 1999 558 2070 vellet,
572 1995 644 2073 quid
658 2014 720 2054 non
728 1996 853 2071 adeptus
865 2005 917 2068 est,
928 1995 1009 2070 quod
1022 1993 1136 2052 homini

134 2095 178 2152 fas
193 2104 270 2153 esset
284 2106 393 2171 optare,
409 2093 461 2170 qui
475 2112 621 2153 summam
637 2111 720 2169 spem
735 2091 852 2164 civium,
871 2111 960 2167 quam
975 2091 1013 2150 de
1026 2110 1063 2150 eo
1077 2091 1136 2149 iam

133 2206 225 2266 puero
251 2191 424 2262 habuerant,
453 2189 595 2249 continuo
622 2189 799 2248 adulescens
832 2185 997 2247 incredibili
1029 2186 1177 2246 virtutem

135 2286 298 2364 superavit3
323 2286 374 2362 qui
392 2287 579 2346 consulatum
598 2284 701 2361 petivit
719 2302 893 2359 numquam,
914 2285 1008 2342 factus
1032 2285 1137 2342 consul

136 2395 181 2444 est
198 2383 252 2457 bis,
274 2383 401 2460 primum
422 2394 490 2442 ante
511 2392 641 2458 tempus,
662 2380 767 2441 itemm
787 2380 843 2440 sibi
862 2399 918 2440 suo
933 2390 1075 2456 tempore,
1094 2380 1137 2440 rei

135 2480 273 2557 publicae
295 2499 390 2556 paene
409 2499 493 2554 sero;
514 2477 564 2555 qui
589 2478 704 2537 duabus
726 2476 848 2536 urbibus
870 2476 977 2536 eversis
999 2476 1137 2536 inimicis-

135 2577 225 2638 sumis
238 2575 308 2635 huic
322 2575 446 2652 imperio
456 2595 517 2635 non
531 2575 624 2635 modo
638 2573 812 2650 praesentia,
822 2591 924 2632 verum
940 2572 1026 2633 etiam
1041 2574 1138 2631 sutura

134 2672 213 2731 bella
226 2670 358 2731 delevit?
399 2670 480 2746 Quid
494 2669 592 2729 dicam
607 2669 644 2728 de
659 2668 791 2728 moribus
805 2666 959 2740 facillimis,
975 2668 1013 2727 de
1028 2667 1138 2743 pietate
1152 2697 1176 2735 25

134 2766 165 2825 in
184 2779 315 2840 matrem,
330 2766 503 2826 liberalitate
523 2766 554 2824 in
575 2784 697 2832 sorores,
718 2763 851 2824 bonitate
871 2763 904 2822 in
924 2783 1003 2837 suos,
1025 2763 1137 2823 iustitia

136 2860 167 2921 in
188 2861 307 2922 omnis?
345 2865 428 2921 Nota
452 2872 522 2920 sunt
544 2860 640 2920 vobis.
683 2860 781 2933 Quam
802 2870 902 2919 autem
923 2857 1032 2919 civitati
1053 2879 1137 2919 carus

134 2959 228 3033 fuerit,
258 2978 389 3019 maerore
416 2958 524 3018 funeris
551 2957 714 3017 indicatum
741 2967 794 3016 est
838 2955 920 3031 Quid
946 2954 1033 3032 igitur
1058 2956 1139 3015 hunc

132 3077 294 3134 paucorum
322 3075 468 3116 asinorum
496 3054 628 3114 accessio
657 3055 756 3114 iuvare
783 3053 951 3131 potuisset?
996 3054 1139 3114 Senectus

135 3153 215 3214 enim
230 3153 363 3231 quamvis
377 3171 439 3211 non
453 3151 490 3211 sit
503 3151 607 3228 gravis,
621 3162 655 3211 ut
669 3151 790 3212 memini
805 3153 952 3212 Catonem
962 3171 1041 3211 anno
1055 3164 1133 3226 ante,
1153 3183 1180 3221 30

136 3270 226 3327 quam
240 3262 284 3311 est
298 3261 440 3323 mortuus,
456 3268 573 3308 mecum
588 3259 700 3309 etcum
714 3247 853 3325 Scipione
875 3247 1024 3322 disserere,
1040 3260 1140 3309 tamen

12 3423 14 3426 Α
83 3349 120 3407 12
135 3349 227 3408 aufert
241 3368 308 3408 eam
321 3347 506 3419 viriditatem,
522 3346 553 3405 in
568 3365 626 3422 qua
640 3345 729 3406 etiam
742 3364 822 3404 nunc
836 3355 898 3406 erat
908 3344 1016 3422 Scipio.
1040 3347 1139 3420 Quam

128 3444 174 3498 ob
187 3462 254 3500 tem
274 3442 333 3502 vita
352 3442 475 3519 quidem
493 3441 560 3502 talis
580 3440 635 3502 fuit
648 3442 696 3504 vel
714 3441 831 3503 fortuna
844 3442 890 3502 vel
903 3439 1003 3518 gloria,
1019 3449 1052 3501 ut
1065 3438 1140 3498 nihil
