<?xml version="1.0" encoding="UTF-8"?>
<!DOCTYPE html PUBLIC "-//W3C//DTD XHTML 1.0 Transitional//EN"
    "http://www.w3.org/TR/xhtml1/DTD/xhtml1-transitional.dtd">
<html xmlns="http://www.w3.org/1999/xhtml" xml:lang="en" lang="en">
 <head>
  <title>
</title>
<meta http-equiv="Content-Type" content="text/html;charset=utf-8" />
  <meta name='ocr-system' content='tesseract 3.04.00' />
  <meta name='ocr-capabilities' content='ocr_page ocr_carea ocr_par ocr_line ocrx_word'/>
</head>
<body>
  <div class='ocr_page' id='page_1' title='image "./mtulliciceronis01reidgoog_0006.png"; bbox 0 0 2476 3824; ppageno 0'>
   <div class='ocr_carea' id='block_1_1' title="bbox 399 421 992 636">
    <p class='ocr_par' dir='ltr' id='par_1_1' title="bbox 399 421 992 636">
     <span class='ocr_line' id='line_1_1' title="bbox 399 421 696 516; baseline -0.013 -20"><span class='ocrx_word' id='word_1_1' title='bbox 399 435 560 516; x_wconf 72' lang='lat' dir='ltr'><strong>[Spectmen</strong></span> <span class='ocrx_word' id='word_1_2' title='bbox 576 421 696 514; x_wconf 67' lang='lat' dir='ltr'><strong>papa}</strong></span> 
     </span>
     <span class='ocr_line' id='line_1_2' title="bbox 456 580 992 636; baseline -0.002 -1"><span class='ocrx_word' id='word_1_3' title='bbox 456 580 632 635; x_wconf 80' lang='lat' dir='ltr'><strong>LAELIUS.</strong></span> <span class='ocrx_word' id='word_1_4' title='bbox 959 587 992 636; x_wconf 81' lang='lat'><strong>31</strong></span> 
     </span>
    </p>
   </div>
   <div class='ocr_carea' id='block_1_2' title="bbox 92 692 1029 1841">
    <p class='ocr_par' dir='ltr' id='par_1_2' title="bbox 92 692 1029 1841">
     <span class='ocr_line' id='line_1_3' title="bbox 92 692 994 772; baseline -0.002 -20"><span class='ocrx_word' id='word_1_5' title='bbox 92 694 203 771; x_wconf 88' lang='lat' dir='ltr'><strong>poterit</strong></span> <span class='ocrx_word' id='word_1_6' title='bbox 216 695 244 753; x_wconf 93' lang='lat' dir='ltr'><strong>ei</strong></span> <span class='ocrx_word' id='word_1_7' title='bbox 256 694 307 752; x_wconf 92' lang='lat' dir='ltr'><strong>cui</strong></span> <span class='ocrx_word' id='word_1_8' title='bbox 322 713 353 754; x_wconf 84' lang='lat' dir='ltr'><strong>se</strong></span> <span class='ocrx_word' id='word_1_9' title='bbox 373 694 493 771; x_wconf 88' lang='lat' dir='ltr'><strong>putabit</strong></span> <span class='ocrx_word' id='word_1_10' title='bbox 512 693 667 752; x_wconf 88' lang='lat' dir='ltr'><strong>inimicum</strong></span> <span class='ocrx_word' id='word_1_11' title='bbox 687 713 750 753; x_wconf 87' lang='lat' dir='ltr'><strong>esse</strong></span> <span class='ocrx_word' id='word_1_12' title='bbox 770 694 872 772; x_wconf 76' lang='lat' dir='ltr'><strong>posset</strong></span> <span class='ocrx_word' id='word_1_13' title='bbox 912 692 994 762; x_wconf 78' lang='lat' dir='ltr'><strong>Quin</strong></span> 
     </span>
     <span class='ocr_line' id='line_1_4' title="bbox 92 791 994 869; baseline 0.001 -22"><span class='ocrx_word' id='word_1_14' title='bbox 92 791 183 848; x_wconf 91' lang='lat' dir='ltr'><strong>etiam</strong></span> <span class='ocrx_word' id='word_1_15' title='bbox 196 809 312 849; x_wconf 89' lang='lat' dir='ltr'><strong>necesse</strong></span> <span class='ocrx_word' id='word_1_16' title='bbox 326 791 385 850; x_wconf 86' lang='lat' dir='ltr'><strong>erit</strong></span> <span class='ocrx_word' id='word_1_17' title='bbox 397 809 504 869; x_wconf 87' lang='lat' dir='ltr'><strong>cupere</strong></span> <span class='ocrx_word' id='word_1_18' title='bbox 517 797 549 850; x_wconf 91' lang='lat' dir='ltr'><strong>et</strong></span> <span class='ocrx_word' id='word_1_19' title='bbox 561 798 664 869; x_wconf 88' lang='lat' dir='ltr'><strong>optare</strong></span> <span class='ocrx_word' id='word_1_20' title='bbox 676 797 812 868; x_wconf 90' lang='lat' dir='ltr'><strong>utquam</strong></span> <span class='ocrx_word' id='word_1_21' title='bbox 826 791 994 868; x_wconf 80' lang='lat' dir='ltr'><strong>saepissime</strong></span> 
     </span>
     <span class='ocr_line' id='line_1_5' title="bbox 92 888 993 966; baseline 0.003 -22"><span class='ocrx_word' id='word_1_22' title='bbox 92 893 193 964; x_wconf 91' lang='lat' dir='ltr'><strong>peccet</strong></span> <span class='ocrx_word' id='word_1_23' title='bbox 205 888 326 960; x_wconf 86' lang='lat' dir='ltr'><strong>amicus,</strong></span> <span class='ocrx_word' id='word_1_24' title='bbox 340 907 400 966; x_wconf 89' lang='lat' dir='ltr'><strong>quo</strong></span> <span class='ocrx_word' id='word_1_25' title='bbox 417 889 518 965; x_wconf 85' lang='lat' dir='ltr'><strong>plures</strong></span> <span class='ocrx_word' id='word_1_26' title='bbox 531 889 583 947; x_wconf 85' lang='lat' dir='ltr'><strong>det</strong></span> <span class='ocrx_word' id='word_1_27' title='bbox 601 889 659 946; x_wconf 89' lang='lat' dir='ltr'><strong>sibi</strong></span> <span class='ocrx_word' id='word_1_28' title='bbox 676 895 828 966; x_wconf 76' lang='lat' dir='ltr'><strong>tamquam</strong></span> <span class='ocrx_word' id='word_1_29' title='bbox 848 907 936 947; x_wconf 80' lang='lat' dir='ltr'><strong>ansas</strong></span> <span class='ocrx_word' id='word_1_30' title='bbox 955 889 993 947; x_wconf 87' lang='lat' dir='ltr'><strong>ad</strong></span> 
     </span>
     <span class='ocr_line' id='line_1_6' title="bbox 92 985 993 1064; baseline 0 -19"><span class='ocrx_word' id='word_1_31' title='bbox 92 985 365 1064; x_wconf 86' lang='lat' dir='ltr'><strong>reprehendendum</strong></span> <span class='ocrx_word' id='word_1_32' title='bbox 374 1007 383 1059; x_wconf 87' lang='lat'>;</span> <span class='ocrx_word' id='word_1_33' title='bbox 406 1006 525 1044; x_wconf 83' lang='lat' dir='ltr'><strong>rursum</strong></span> <span class='ocrx_word' id='word_1_34' title='bbox 543 993 644 1045; x_wconf 89' lang='lat' dir='ltr'><strong>autem</strong></span> <span class='ocrx_word' id='word_1_35' title='bbox 662 993 743 1045; x_wconf 87' lang='lat' dir='ltr'><strong>recte</strong></span> <span class='ocrx_word' id='word_1_36' title='bbox 763 987 850 1045; x_wconf 81' lang='lat' dir='ltr'><strong>iactis</strong></span> <span class='ocrx_word' id='word_1_37' title='bbox 871 1006 993 1045; x_wconf 87' lang='lat' dir='ltr'><strong>commo</strong></span> 
     </span>
     <span class='ocr_line' id='line_1_7' title="bbox 92 1085 1017 1163; baseline 0.006 -21"><span class='ocrx_word' id='word_1_38' title='bbox 92 1085 195 1162; x_wconf 87' lang='lat' dir='ltr'><strong>disque</strong></span> <span class='ocrx_word' id='word_1_39' title='bbox 218 1085 379 1143; x_wconf 84' lang='lat' dir='ltr'><strong>amicorum</strong></span> <span class='ocrx_word' id='word_1_40' title='bbox 402 1104 520 1144; x_wconf 87' lang='lat' dir='ltr'><strong>necesse</strong></span> <span class='ocrx_word' id='word_1_41' title='bbox 541 1085 600 1142; x_wconf 89' lang='lat' dir='ltr'><strong>erit</strong></span> <span class='ocrx_word' id='word_1_42' title='bbox 620 1086 698 1163; x_wconf 81' lang='lat' dir='ltr'><strong>angi,</strong></span> <span class='ocrx_word' id='word_1_43' title='bbox 720 1085 827 1158; x_wconf 83' lang='lat' dir='ltr'><strong>dolere,</strong></span> <span class='ocrx_word' id='word_1_44' title='bbox 848 1086 1017 1149; x_wconf 76' lang='lat' dir='ltr'><strong>invideres</strong></span> 
     </span>
     <span class='ocr_line' id='line_1_8' title="bbox 94 1181 993 1260; baseline 0 -20"><span class='ocrx_word' id='word_1_45' title='bbox 94 1182 140 1242; x_wconf 81' lang='lat'><strong>60.</strong></span> <span class='ocrx_word' id='word_1_46' title='bbox 164 1182 263 1251; x_wconf 79' lang='lat' dir='ltr'><strong>Quare</strong></span> <span class='ocrx_word' id='word_1_47' title='bbox 275 1181 331 1240; x_wconf 90' lang='lat' dir='ltr'><strong>hoc</strong></span> <span class='ocrx_word' id='word_1_48' title='bbox 344 1181 464 1260; x_wconf 89' lang='lat' dir='ltr'><strong>quidem</strong></span> <span class='ocrx_word' id='word_1_49' title='bbox 477 1188 667 1260; x_wconf 90' lang='lat' dir='ltr'><strong>praeceptum</strong></span> <span class='ocrx_word' id='word_1_50' title='bbox 684 1182 884 1259; x_wconf 88' lang='lat' dir='ltr'><strong>cuiuscunque</strong></span> <span class='ocrx_word' id='word_1_51' title='bbox 897 1188 942 1240; x_wconf 85' lang='lat' dir='ltr'><strong>est</strong></span> <span class='ocrx_word' id='word_1_52' title='bbox 955 1183 993 1240; x_wconf 69' lang='lat' dir='ltr'><strong>ari</strong></span> 
     </span>
     <span class='ocr_line' id='line_1_9' title="bbox 92 1275 992 1355; baseline 0.002 -21"><span class='ocrx_word' id='word_1_53' title='bbox 92 1275 253 1334; x_wconf 88' lang='lat' dir='ltr'><strong>tollendam</strong></span> <span class='ocrx_word' id='word_1_54' title='bbox 275 1275 436 1334; x_wconf 71' lang='lat' dir='ltr'><strong>amicitiam</strong></span> <span class='ocrx_word' id='word_1_55' title='bbox 459 1277 548 1336; x_wconf 84' lang='lat' dir='ltr'><strong>valet.</strong></span> <span class='ocrx_word' id='word_1_56' title='bbox 590 1277 674 1335; x_wconf 89' lang='lat' dir='ltr'><strong>Illud</strong></span> <span class='ocrx_word' id='word_1_57' title='bbox 692 1278 794 1355; x_wconf 90' lang='lat' dir='ltr'><strong>potius</strong></span> <span class='ocrx_word' id='word_1_58' title='bbox 813 1279 992 1355; x_wconf 88' lang='lat' dir='ltr'><strong>praecipien-</strong></span> 
     </span>
     <span class='ocr_line' id='line_1_10' title="bbox 92 1372 993 1452; baseline 0.002 -22"><span class='ocrx_word' id='word_1_59' title='bbox 92 1373 164 1430; x_wconf 87' lang='lat' dir='ltr'><strong>dum</strong></span> <span class='ocrx_word' id='word_1_60' title='bbox 177 1372 246 1445; x_wconf 80' lang='lat' dir='ltr'><strong>fuit,</strong></span> <span class='ocrx_word' id='word_1_61' title='bbox 261 1378 298 1430; x_wconf 90' lang='lat' dir='ltr'><strong>ut</strong></span> <span class='ocrx_word' id='word_1_62' title='bbox 311 1392 376 1432; x_wconf 90' lang='lat' dir='ltr'><strong>eam</strong></span> <span class='ocrx_word' id='word_1_63' title='bbox 389 1373 574 1452; x_wconf 76' lang='lat' dir='ltr'><strong>diligentiam</strong></span> <span class='ocrx_word' id='word_1_64' title='bbox 588 1374 795 1433; x_wconf 86' lang='lat' dir='ltr'><strong>adhiberemus</strong></span> <span class='ocrx_word' id='word_1_65' title='bbox 807 1375 841 1432; x_wconf 91' lang='lat' dir='ltr'><strong>in</strong></span> <span class='ocrx_word' id='word_1_66' title='bbox 854 1374 993 1432; x_wconf 81' lang='lat' dir='ltr'><strong>amicitiis</strong></span> 
     </span>
     <span class='ocr_line' id='line_1_11' title="bbox 92 1471 993 1550; baseline 0.001 -20"><span class='ocrx_word' id='word_1_67' title='bbox 92 1471 297 1549; x_wconf 87' lang='lat' dir='ltr'><strong>comparandis</strong></span> <span class='ocrx_word' id='word_1_68' title='bbox 319 1477 355 1530; x_wconf 90' lang='lat' dir='ltr'><strong>ut</strong></span> <span class='ocrx_word' id='word_1_69' title='bbox 377 1473 554 1549; x_wconf 89' lang='lat' dir='ltr'><strong>nequando</strong></span> <span class='ocrx_word' id='word_1_70' title='bbox 577 1492 675 1532; x_wconf 89' lang='lat' dir='ltr'><strong>amare</strong></span> <span class='ocrx_word' id='word_1_71' title='bbox 702 1473 897 1550; x_wconf 83' lang='lat' dir='ltr'><strong>inciperemus</strong></span> <span class='ocrx_word' id='word_1_72' title='bbox 924 1492 993 1532; x_wconf 92' lang='lat' dir='ltr'><strong>eum</strong></span> 
     </span>
     <span class='ocr_line' id='line_1_12' title="bbox 92 1569 1029 1646; baseline 0.007 -20"><span class='ocrx_word' id='word_1_73' title='bbox 92 1588 180 1646; x_wconf 89' lang='lat' dir='ltr'><strong>quem</strong></span> <span class='ocrx_word' id='word_1_74' title='bbox 193 1569 353 1646; x_wconf 83' lang='lat' dir='ltr'><strong>aliquando</strong></span> <span class='ocrx_word' id='word_1_75' title='bbox 362 1570 457 1628; x_wconf 85' lang='lat' dir='ltr'><strong>odisse</strong></span> <span class='ocrx_word' id='word_1_76' title='bbox 467 1589 626 1646; x_wconf 88' lang='lat' dir='ltr'><strong>possemus.</strong></span> <span class='ocrx_word' id='word_1_77' title='bbox 658 1571 840 1640; x_wconf 79' lang='lat' dir='ltr'><strong>Quinetiam</strong></span> <span class='ocrx_word' id='word_1_78' title='bbox 854 1573 880 1629; x_wconf 88' lang='lat' dir='ltr'><strong>si</strong></span> <span class='ocrx_word' id='word_1_79' title='bbox 893 1571 992 1629; x_wconf 90' lang='lat' dir='ltr'><strong>minus</strong></span> <span class='ocrx_word' id='word_1_80' title='bbox 1005 1597 1029 1633; x_wconf 82' lang='lat' dir='ltr'><strong>io</strong></span> 
     </span>
     <span class='ocr_line' id='line_1_13' title="bbox 92 1662 992 1744; baseline 0.004 -22"><span class='ocrx_word' id='word_1_81' title='bbox 92 1662 192 1723; x_wconf 75' lang='lat' dir='ltr'><strong>felices</strong></span> <span class='ocrx_word' id='word_1_82' title='bbox 204 1664 400 1741; x_wconf 85' lang='lat' dir='ltr'><strong>indeligendo</strong></span> <span class='ocrx_word' id='word_1_83' title='bbox 407 1666 572 1739; x_wconf 85' lang='lat' dir='ltr'><strong>fuissemus,</strong></span> <span class='ocrx_word' id='word_1_84' title='bbox 582 1667 737 1725; x_wconf 91' lang='lat' dir='ltr'><strong>ferendum</strong></span> <span class='ocrx_word' id='word_1_85' title='bbox 744 1667 776 1725; x_wconf 91' lang='lat' dir='ltr'><strong>id</strong></span> <span class='ocrx_word' id='word_1_86' title='bbox 785 1667 884 1743; x_wconf 84' lang='lat' dir='ltr'><strong>Scipio</strong></span> <span class='ocrx_word' id='word_1_87' title='bbox 893 1669 992 1744; x_wconf 89' lang='lat' dir='ltr'><strong>potius</strong></span> 
     </span>
     <span class='ocr_line' id='line_1_14' title="bbox 93 1762 899 1841; baseline 0.005 -23"><span class='ocrx_word' id='word_1_88' title='bbox 93 1779 182 1837; x_wconf 86' lang='lat' dir='ltr'><strong>quam</strong></span> <span class='ocrx_word' id='word_1_89' title='bbox 194 1762 418 1822; x_wconf 88' lang='lat' dir='ltr'><strong>inimicitiarum</strong></span> <span class='ocrx_word' id='word_1_90' title='bbox 431 1769 550 1841; x_wconf 86' lang='lat' dir='ltr'><strong>tempus</strong></span> <span class='ocrx_word' id='word_1_91' title='bbox 563 1763 753 1840; x_wconf 84' lang='lat' dir='ltr'><strong>cogitandum</strong></span> <span class='ocrx_word' id='word_1_92' title='bbox 766 1765 899 1840; x_wconf 89' lang='lat' dir='ltr'><strong>putabat.</strong></span> 
     </span>
    </p>
   </div>
   <div class='ocr_carea' id='block_1_3' title="bbox 378 2005 707 2066">
    <p class='ocr_par' dir='ltr' id='par_1_3' title="bbox 378 2005 707 2066">
     <span class='ocr_line' id='line_1_15' title="bbox 378 2005 707 2066; baseline -0.009 -1"><span class='ocrx_word' id='word_1_93' title='bbox 378 2005 578 2066; x_wconf 65' lang='lat' dir='ltr'><strong>OHAPTER</strong></span> <span class='ocrx_word' id='word_1_94' title='bbox 598 2006 707 2063; x_wconf 86' lang='lat' dir='ltr'>XVII.</span> 
     </span>
    </p>
   </div>
   <div class='ocr_carea' id='block_1_4' title="bbox 95 2122 991 2513">
    <p class='ocr_par' dir='ltr' id='par_1_4' title="bbox 95 2122 455 2173">
     <span class='ocr_line' id='line_1_16' title="bbox 95 2122 455 2173; baseline -0.006 0"><span class='ocrx_word' id='word_1_95' title='bbox 95 2122 170 2173; x_wconf 70' lang='lat' dir='ltr'><strong>What</strong></span> <span class='ocrx_word' id='word_1_96' title='bbox 179 2137 223 2172; x_wconf 84' lang='lat' dir='ltr'><strong>cre</strong></span> <span class='ocrx_word' id='word_1_97' title='bbox 235 2123 276 2172; x_wconf 77' lang='lat' dir='ltr'><strong>tta</strong></span> <span class='ocrx_word' id='word_1_98' title='bbox 288 2123 366 2172; x_wconf 79' lang='lat' dir='ltr'><strong>limita</strong></span> <span class='ocrx_word' id='word_1_99' title='bbox 378 2124 455 2172; x_wconf 66' lang='lat' dir='ltr'><strong>then?</strong></span> 
     </span>
    </p>

    <p class='ocr_par' dir='ltr' id='par_1_5' title="bbox 124 2204 991 2429">
     <span class='ocr_line' id='line_1_17' title="bbox 141 2204 991 2269; baseline 0.004 -16"><span class='ocrx_word' id='word_1_100' title='bbox 141 2204 177 2268; x_wconf 83' lang='lat' dir='ltr'><strong>(a)</strong></span> <span class='ocrx_word' id='word_1_101' title='bbox 202 2206 244 2255; x_wconf 83' lang='lat' dir='ltr'><strong>We</strong></span> <span class='ocrx_word' id='word_1_102' title='bbox 260 2211 326 2253; x_wconf 80' lang='lat' dir='ltr'><strong>mast</strong></span> <span class='ocrx_word' id='word_1_103' title='bbox 342 2212 445 2267; x_wconf 75' lang='lat' dir='ltr'><strong>support</strong></span> <span class='ocrx_word' id='word_1_104' title='bbox 463 2220 480 2254; x_wconf 89' lang='lat' dir='ltr'><strong>c</strong></span> <span class='ocrx_word' id='word_1_105' title='bbox 492 2205 582 2268; x_wconf 55' lang='lat' dir='ltr'><strong>sarad</strong></span> <span class='ocrx_word' id='word_1_106' title='bbox 598 2207 627 2253; x_wconf 81' lang='lat' dir='ltr'><strong>ia</strong></span> <span class='ocrx_word' id='word_1_107' title='bbox 644 2205 684 2253; x_wconf 80' lang='lat' dir='ltr'><strong>his</strong></span> <span class='ocrx_word' id='word_1_108' title='bbox 699 2206 830 2269; x_wconf 79' lang='lat' dir='ltr'><strong>eatremc&#39;ty</strong></span> <span class='ocrx_word' id='word_1_109' title='bbox 846 2212 874 2254; x_wconf 86' lang='lat' dir='ltr'><strong>at</strong></span> <span class='ocrx_word' id='word_1_110' title='bbox 886 2208 926 2255; x_wconf 83' lang='lat' dir='ltr'><strong>the</strong></span> <span class='ocrx_word' id='word_1_111' title='bbox 938 2206 991 2256; x_wconf 81' lang='lat' dir='ltr'><strong>c&#39;ost</strong></span> 
     </span>
     <span class='ocr_line' id='line_1_18' title="bbox 124 2286 991 2352; baseline 0.006 -17"><span class='ocrx_word' id='word_1_112' title='bbox 124 2299 184 2335; x_wconf 80' lang='lat' dir='ltr'><strong>even</strong></span> <span class='ocrx_word' id='word_1_113' title='bbox 195 2286 224 2349; x_wconf 79' lang='lat' dir='ltr'><strong>of</strong></span> <span class='ocrx_word' id='word_1_114' title='bbox 231 2301 249 2335; x_wconf 83' lang='lat' dir='ltr'><strong>a</strong></span> <span class='ocrx_word' id='word_1_115' title='bbox 259 2287 339 2346; x_wconf 72' lang='lat' dir='ltr'><strong>sliam</strong></span> <span class='ocrx_word' id='word_1_116' title='bbox 349 2287 479 2335; x_wconf 70' lang='lat' dir='ltr'><strong>devictiaci</strong></span> <span class='ocrx_word' id='word_1_117' title='bbox 484 2287 553 2350; x_wconf 83' lang='lat' dir='ltr'><strong>from</strong></span> <span class='ocrx_word' id='word_1_118' title='bbox 562 2288 637 2336; x_wconf 74' lang='lat' dir='ltr'><strong>strici</strong></span> <span class='ocrx_word' id='word_1_119' title='bbox 646 2288 724 2348; x_wconf 75' lang='lat' dir='ltr'><strong>ra&#39;ybt,</strong></span> <span class='ocrx_word' id='word_1_120' title='bbox 736 2289 795 2352; x_wconf 73' lang='lat' dir='ltr'><strong>only</strong></span> <span class='ocrx_word' id='word_1_121' title='bbox 807 2290 880 2350; x_wconf 76' lang='lat' dir='ltr'><strong>beiny</strong></span> <span class='ocrx_word' id='word_1_122' title='bbox 892 2291 991 2352; x_wconf 76' lang='lat' dir='ltr'><strong>carefal</strong></span> 
     </span>
     <span class='ocr_line' id='line_1_19' title="bbox 125 2366 478 2429; baseline 0 -15"><span class='ocrx_word' id='word_1_123' title='bbox 125 2366 181 2415; x_wconf 78' lang='lat' dir='ltr'><strong>that</strong></span> <span class='ocrx_word' id='word_1_124' title='bbox 192 2366 243 2416; x_wconf 80' lang='lat' dir='ltr'><strong>this</strong></span> <span class='ocrx_word' id='word_1_125' title='bbox 252 2381 311 2429; x_wconf 65' lang='lat' dir='ltr'><strong>coes</strong></span> <span class='ocrx_word' id='word_1_126' title='bbox 322 2373 366 2415; x_wconf 79' lang='lat' dir='ltr'><strong>aot</strong></span> <span class='ocrx_word' id='word_1_127' title='bbox 377 2371 416 2416; x_wconf 83' lang='lat' dir='ltr'><strong>too</strong></span> <span class='ocrx_word' id='word_1_128' title='bbox 422 2368 478 2429; x_wconf 79' lang='lat' dir='ltr'><strong>scr.</strong></span> 
     </span>
    </p>

    <p class='ocr_par' dir='ltr' id='par_1_6' title="bbox 140 2446 990 2513">
     <span class='ocr_line' id='line_1_20' title="bbox 140 2446 990 2513; baseline 0.002 -17"><span class='ocrx_word' id='word_1_129' title='bbox 140 2446 175 2513; x_wconf 79' lang='lat' dir='ltr'><strong>(b)</strong></span> <span class='ocrx_word' id='word_1_130' title='bbox 197 2448 433 2508; x_wconf 76' lang='lat' dir='ltr'><strong>Fra‘eadsbeinytbe</strong></span> <span class='ocrx_word' id='word_1_131' title='bbox 442 2448 648 2510; x_wconf 77' lang='lat' dir='ltr'><strong>rnostimportaot</strong></span> <span class='ocrx_word' id='word_1_132' title='bbox 655 2449 685 2509; x_wconf 83' lang='lat' dir='ltr'><strong>of</strong></span> <span class='ocrx_word' id='word_1_133' title='bbox 686 2450 847 2511; x_wconf 78' lang='lat' dir='ltr'><strong>possessione,</strong></span> <span class='ocrx_word' id='word_1_134' title='bbox 857 2464 893 2498; x_wconf 83' lang='lat' dir='ltr'><strong>we</strong></span> <span class='ocrx_word' id='word_1_135' title='bbox 899 2451 990 2498; x_wconf 81' lang='lat' dir='ltr'><strong>should</strong></span> 
     </span>
    </p>
   </div>
   <div class='ocr_carea' id='block_1_5' title="bbox 123 2529 988 2676">
    <p class='ocr_par' dir='ltr' id='par_1_7' title="bbox 123 2529 988 2676">
     <span class='ocr_line' id='line_1_21' title="bbox 123 2529 988 2594; baseline 0 -16"><span class='ocrx_word' id='word_1_136' title='bbox 123 2530 236 2578; x_wconf 76' lang='lat' dir='ltr'><strong>examine</strong></span> <span class='ocrx_word' id='word_1_137' title='bbox 253 2530 306 2578; x_wconf 80' lang='lat' dir='ltr'><strong>aad</strong></span> <span class='ocrx_word' id='word_1_138' title='bbox 322 2536 370 2578; x_wconf 84' lang='lat' dir='ltr'><strong>test</strong></span> <span class='ocrx_word' id='word_1_139' title='bbox 386 2531 451 2577; x_wconf 75' lang='lat' dir='ltr'><strong>them</strong></span> <span class='ocrx_word' id='word_1_140' title='bbox 466 2543 531 2576; x_wconf 82' lang='lat' dir='ltr'><strong>more</strong></span> <span class='ocrx_word' id='word_1_141' title='bbox 549 2531 673 2592; x_wconf 75' lang='lat' dir='ltr'><strong>carefclly</strong></span> <span class='ocrx_word' id='word_1_142' title='bbox 691 2529 755 2578; x_wconf 78' lang='lat' dir='ltr'><strong>thare</strong></span> <span class='ocrx_word' id='word_1_143' title='bbox 772 2530 844 2578; x_wconf 77' lang='lat' dir='ltr'><strong>other</strong></span> <span class='ocrx_word' id='word_1_144' title='bbox 858 2537 988 2594; x_wconf 80' lang='lat' dir='ltr'><strong>property,</strong></span> 
     </span>
     <span class='ocr_line' id='line_1_22' title="bbox 123 2612 676 2676; baseline -0.004 -15"><span class='ocrx_word' id='word_1_145' title='bbox 123 2612 258 2676; x_wconf 77' lang='lat' dir='ltr'><strong>especially</strong></span> <span class='ocrx_word' id='word_1_146' title='bbox 271 2612 338 2660; x_wconf 77' lang='lat' dir='ltr'><strong>their</strong></span> <span class='ocrx_word' id='word_1_147' title='bbox 349 2613 486 2660; x_wconf 70' lang='lat' dir='ltr'><strong>bomvioar</strong></span> <span class='ocrx_word' id='word_1_148' title='bbox 496 2613 525 2660; x_wconf 80' lang='lat' dir='ltr'><strong>ia</strong></span> <span class='ocrx_word' id='word_1_149' title='bbox 536 2612 676 2675; x_wconf 58' lang='lat' dir='ltr'><strong>adversita.</strong></span> 
     </span>
    </p>
   </div>
   <div class='ocr_carea' id='block_1_6' title="bbox 90 2743 1027 3500">
    <p class='ocr_par' dir='ltr' id='par_1_8' title="bbox 90 2743 1027 3500">
     <span class='ocr_line' id='line_1_23' title="bbox 152 2743 987 2821; baseline 0.002 -19"><span class='ocrx_word' id='word_1_150' title='bbox 152 2745 197 2803; x_wconf 89' lang='lat'><strong>61.</strong></span> <span class='ocrx_word' id='word_1_151' title='bbox 242 2743 302 2802; x_wconf 87' lang='lat' dir='ltr'><strong>His</strong></span> <span class='ocrx_word' id='word_1_152' title='bbox 315 2744 408 2821; x_wconf 86' lang='lat' dir='ltr'><strong>igitur</strong></span> <span class='ocrx_word' id='word_1_153' title='bbox 426 2746 536 2803; x_wconf 89' lang='lat' dir='ltr'><strong>finibus</strong></span> <span class='ocrx_word' id='word_1_154' title='bbox 556 2745 703 2802; x_wconf 89' lang='lat' dir='ltr'><strong>utendum</strong></span> <span class='ocrx_word' id='word_1_155' title='bbox 719 2745 857 2817; x_wconf 85' lang='lat' dir='ltr'><strong>arbitror,</strong></span> <span class='ocrx_word' id='word_1_156' title='bbox 872 2751 908 2803; x_wconf 92' lang='lat' dir='ltr'><strong>ut</strong></span> <span class='ocrx_word' id='word_1_157' title='bbox 921 2766 987 2804; x_wconf 91' lang='lat' dir='ltr'><strong>cum</strong></span> 
     </span>
     <span class='ocr_line' id='line_1_24' title="bbox 91 2840 989 2914; baseline 0.001 -15"><span class='ocrx_word' id='word_1_158' title='bbox 91 2840 240 2899; x_wconf 89' lang='lat' dir='ltr'><strong>emendati</strong></span> <span class='ocrx_word' id='word_1_159' title='bbox 266 2860 362 2900; x_wconf 87' lang='lat' dir='ltr'><strong>mores</strong></span> <span class='ocrx_word' id='word_1_160' title='bbox 388 2842 549 2900; x_wconf 86' lang='lat' dir='ltr'><strong>amicorum</strong></span> <span class='ocrx_word' id='word_1_161' title='bbox 575 2841 647 2914; x_wconf 88' lang='lat' dir='ltr'><strong>sint,</strong></span> <span class='ocrx_word' id='word_1_162' title='bbox 675 2847 740 2898; x_wconf 91' lang='lat' dir='ltr'><strong>tum</strong></span> <span class='ocrx_word' id='word_1_163' title='bbox 767 2841 807 2899; x_wconf 87' lang='lat' dir='ltr'><strong>eit</strong></span> <span class='ocrx_word' id='word_1_164' title='bbox 834 2844 913 2899; x_wconf 86' lang='lat' dir='ltr'><strong>inter</strong></span> <span class='ocrx_word' id='word_1_165' title='bbox 939 2863 989 2900; x_wconf 85' lang='lat' dir='ltr'><strong>eos</strong></span> 
     </span>
     <span class='ocr_line' id='line_1_25' title="bbox 91 2937 1027 3017; baseline 0 -21"><span class='ocrx_word' id='word_1_166' title='bbox 91 2939 223 2997; x_wconf 90' lang='lat' dir='ltr'><strong>omnium</strong></span> <span class='ocrx_word' id='word_1_167' title='bbox 236 2958 344 3017; x_wconf 85' lang='lat' dir='ltr'><strong>rerum,</strong></span> <span class='ocrx_word' id='word_1_168' title='bbox 359 2939 557 3012; x_wconf 88' lang='lat' dir='ltr'><strong>consiliorum,</strong></span> <span class='ocrx_word' id='word_1_169' title='bbox 571 2939 762 2996; x_wconf 86' lang='lat' dir='ltr'><strong>voluntatum</strong></span> <span class='ocrx_word' id='word_1_170' title='bbox 781 2937 845 2995; x_wconf 87' lang='lat' dir='ltr'><strong>sine</strong></span> <span class='ocrx_word' id='word_1_171' title='bbox 862 2938 924 2995; x_wconf 88' lang='lat' dir='ltr'><strong>ulla</strong></span> <span class='ocrx_word' id='word_1_172' title='bbox 938 2959 986 2996; x_wconf 86' lang='lat' dir='ltr'><strong>ex·</strong></span> <span class='ocrx_word' id='word_1_173' title='bbox 1004 2967 1027 3004; x_wconf 68' lang='lat'><strong>15</strong></span> 
     </span>
     <span class='ocr_line' id='line_1_26' title="bbox 91 3034 988 3112; baseline -0.002 -18"><span class='ocrx_word' id='word_1_174' title='bbox 91 3034 225 3112; x_wconf 81' lang='lat' dir='ltr'><strong>ceptione</strong></span> <span class='ocrx_word' id='word_1_175' title='bbox 239 3035 442 3109; x_wconf 89' lang='lat' dir='ltr'><strong>communitas,</strong></span> <span class='ocrx_word' id='word_1_176' title='bbox 454 3042 489 3094; x_wconf 91' lang='lat' dir='ltr'><strong>ut</strong></span> <span class='ocrx_word' id='word_1_177' title='bbox 500 3036 599 3107; x_wconf 87' lang='lat' dir='ltr'><strong>etiam,</strong></span> <span class='ocrx_word' id='word_1_178' title='bbox 611 3035 637 3092; x_wconf 89' lang='lat' dir='ltr'><strong>si</strong></span> <span class='ocrx_word' id='word_1_179' title='bbox 650 3053 710 3110; x_wconf 89' lang='lat' dir='ltr'><strong>qua</strong></span> <span class='ocrx_word' id='word_1_180' title='bbox 718 3035 837 3092; x_wconf 83' lang='lat' dir='ltr'><strong>fortuna</strong></span> <span class='ocrx_word' id='word_1_181' title='bbox 851 3035 988 3092; x_wconf 85' lang='lat' dir='ltr'><strong>acciderit</strong></span> 
     </span>
     <span class='ocr_line' id='line_1_27' title="bbox 91 3130 989 3191; baseline -0.003 0"><span class='ocrx_word' id='word_1_182' title='bbox 91 3137 128 3191; x_wconf 88' lang='lat' dir='ltr'><strong>ut</strong></span> <span class='ocrx_word' id='word_1_183' title='bbox 139 3132 239 3190; x_wconf 90' lang='lat' dir='ltr'><strong>minus</strong></span> <span class='ocrx_word' id='word_1_184' title='bbox 251 3133 347 3190; x_wconf 85' lang='lat' dir='ltr'><strong>iustae</strong></span> <span class='ocrx_word' id='word_1_185' title='bbox 365 3133 527 3191; x_wconf 86' lang='lat' dir='ltr'><strong>amicorum</strong></span> <span class='ocrx_word' id='word_1_186' title='bbox 541 3132 710 3191; x_wconf 86' lang='lat' dir='ltr'><strong>voluntates</strong></span> <span class='ocrx_word' id='word_1_187' title='bbox 730 3130 915 3188; x_wconf 84' lang='lat' dir='ltr'><strong>adiuvandae</strong></span> <span class='ocrx_word' id='word_1_188' title='bbox 928 3131 989 3188; x_wconf 87' lang='lat' dir='ltr'><strong>sint</strong></span> 
     </span>
     <span class='ocr_line' id='line_1_28' title="bbox 90 3228 986 3307; baseline 0 -21"><span class='ocrx_word' id='word_1_189' title='bbox 90 3230 124 3286; x_wconf 89' lang='lat' dir='ltr'><strong>in</strong></span> <span class='ocrx_word' id='word_1_190' title='bbox 135 3230 244 3307; x_wconf 86' lang='lat' dir='ltr'><strong>quibus</strong></span> <span class='ocrx_word' id='word_1_191' title='bbox 257 3248 358 3288; x_wconf 88' lang='lat' dir='ltr'><strong>eorum</strong></span> <span class='ocrx_word' id='word_1_192' title='bbox 372 3236 425 3288; x_wconf 92' lang='lat' dir='ltr'><strong>aut</strong></span> <span class='ocrx_word' id='word_1_193' title='bbox 438 3236 527 3307; x_wconf 89' lang='lat' dir='ltr'><strong>caput</strong></span> <span class='ocrx_word' id='word_1_194' title='bbox 543 3235 648 3306; x_wconf 83' lang='lat' dir='ltr'><strong>agatur</strong></span> <span class='ocrx_word' id='word_1_195' title='bbox 666 3233 720 3285; x_wconf 89' lang='lat' dir='ltr'><strong>aut</strong></span> <span class='ocrx_word' id='word_1_196' title='bbox 737 3229 823 3300; x_wconf 87' lang='lat' dir='ltr'><strong>fama,</strong></span> <span class='ocrx_word' id='word_1_197' title='bbox 839 3228 986 3286; x_wconf 85' lang='lat' dir='ltr'><strong>deelinan-</strong></span> 
     </span>
     <span class='ocr_line' id='line_1_29' title="bbox 91 3325 986 3401; baseline 0.002 -18"><span class='ocrx_word' id='word_1_198' title='bbox 91 3325 161 3384; x_wconf 85' lang='lat' dir='ltr'><strong>‹lum</strong></span> <span class='ocrx_word' id='word_1_199' title='bbox 176 3326 216 3382; x_wconf 91' lang='lat' dir='ltr'><strong>sit</strong></span> <span class='ocrx_word' id='word_1_200' title='bbox 233 3325 341 3396; x_wconf 87' lang='lat' dir='ltr'><strong>devia,</strong></span> <span class='ocrx_word' id='word_1_201' title='bbox 356 3327 442 3383; x_wconf 84' lang='lat' dir='ltr'><strong>modo</strong></span> <span class='ocrx_word' id='word_1_202' title='bbox 461 3347 498 3383; x_wconf 92' lang='lat' dir='ltr'><strong>ne</strong></span> <span class='ocrx_word' id='word_1_203' title='bbox 519 3345 634 3383; x_wconf 89' lang='lat' dir='ltr'><strong>summa</strong></span> <span class='ocrx_word' id='word_1_204' title='bbox 653 3325 809 3401; x_wconf 85' lang='lat' dir='ltr'><strong>turpitudo</strong></span> <span class='ocrx_word' id='word_1_205' title='bbox 829 3332 986 3401; x_wconf 84' lang='lat' dir='ltr'><strong>sequatur:</strong></span> 
     </span>
     <span class='ocr_line' id='line_1_30' title="bbox 91 3422 1025 3500; baseline 0.003 -18"><span class='ocrx_word' id='word_1_206' title='bbox 91 3429 137 3483; x_wconf 80' lang='lat' dir='ltr'><strong>eet</strong></span> <span class='ocrx_word' id='word_1_207' title='bbox 155 3422 236 3481; x_wconf 88' lang='lat' dir='ltr'><strong>enim</strong></span> <span class='ocrx_word' id='word_1_208' title='bbox 253 3428 400 3500; x_wconf 84' lang='lat' dir='ltr'><strong>quatenus</strong></span> <span class='ocrx_word' id='word_1_209' title='bbox 421 3425 568 3482; x_wconf 82' lang='lat' dir='ltr'><strong>amicitiae</strong></span> <span class='ocrx_word' id='word_1_210' title='bbox 588 3423 652 3480; x_wconf 85' lang='lat' dir='ltr'><strong>dari</strong></span> <span class='ocrx_word' id='word_1_211' title='bbox 672 3423 761 3482; x_wconf 89' lang='lat' dir='ltr'><strong>venia</strong></span> <span class='ocrx_word' id='word_1_212' title='bbox 780 3423 880 3498; x_wconf 90' lang='lat' dir='ltr'><strong>possit.</strong></span> <span class='ocrx_word' id='word_1_213' title='bbox 923 3424 954 3480; x_wconf 91' lang='lat' dir='ltr'>N</span> <span class='ocrx_word' id='word_1_214' title='bbox 955 3443 987 3481; x_wconf 83' lang='lat' dir='ltr'><strong>ec</strong></span> <span class='ocrx_word' id='word_1_215' title='bbox 999 3447 1025 3485; x_wconf 76' lang='lat' dir='ltr'><strong>ro</strong></span> 
     </span>
    </p>
   </div>
   <div class='ocr_carea' id='block_1_7' title="bbox 0 0 1242 3824">
    <p class='ocr_par' dir='ltr' id='par_1_9' title="bbox 0 0 1242 3824">
     <span class='ocr_line' id='line_1_31' title="bbox 0 0 1242 3824; baseline 0 0"><span class='ocrx_word' id='word_1_216' title='bbox 0 0 1242 3824; x_wconf 95' lang='lat' dir='ltr'><strong> </strong></span> 
     </span>
    </p>
   </div>
  </div>
 </body>
</html>
