2476 3824
76 202 224 286 xvriga]
422 207 503 266 na:
516 206 741 269 AMICITIA.
905 188 908 194 ’
1043 217 1086 288 aff

76 350 182 394 norum
199 331 267 404 vita,
278 333 423 394 ‘nimirum
443 334 476 394 in
493 336 553 413 qua
569 338 651 396 nulla
669 337 754 410 fides,
770 337 861 398 milla
869 338 984 414 caritas,
1002 341 1087 400 nulla

75 429 187 491 stabilis
202 430 426 491 benevolentiae
440 443 618 508 potestesse
637 433 755 506 fiducia,
770 434 872 496 omnia
889 455 1006 514 semper
1023 457 1084 496 sus·

73 526 161 606 pecta
175 538 265 604 atque
279 528 412 602 sollicita,
428 532 528 591 nullus
544 532 628 592 locus
645 531 801 592 amicitiae.
824 581 825 584 η
844 533 919 608 Quis
936 533 1015 593 enim
1031 545 1082 594 aut
1097 535 1139 594 53,

74 646 144 688 eurn
158 625 269 702 diligat,
286 642 376 702 quem
389 639 511 701 metuat,
527 639 579 689 aut
599 649 678 703 eum,
693 649 712 690 a
729 650 790 707 quo
810 650 843 691 se
863 631 1083 708 metuiputet?

47 751 59 794 ς
75 727 223 787 Coluntur
236 720 338 783 tamen
355 725 544 787 simulatione
558 728 712 787 dumtaxat
728 729 768 788 ad
782 738 908 804 tempus.
951 731 1043 805 Quod
1057 729 1086 788 si

72 824 157 896 forte,
182 833 216 883 ut
238 825 272 882 fit
299 826 482 901 plerumque,
506 824 675 900 ceciderint,
699 835 763 885 tum
789 824 968 905 intellegitur
990 846 1087 903 quam:

72 920 180 981 fuerint
194 921 300 998 inopes
315 922 486 982 amicorum.
530 918 832 999 QuodssTarquinium
851 923 959 984 dixisse
974 925 1079 996 ferunt,

71 1029 137 1077 tum
151 1020 334 1079 exsulantem
349 1040 381 1080 se
394 1015 582 1094 intellexisse,
598 1017 674 1097 quos
693 1021 770 1080 fidos
789 1019 903 1080 amicos
920 1020 1086 1096 habuisset,

72 1132 148 1190 quos
159 1113 275 1187 infidos,
289 1135 358 1174 cum
372 1114 433 1175 iam
448 1115 559 1176 neutris
572 1116 696 1193 gratiam
710 1117 816 1176 referre
826 1125 936 1192 posset.
969 1114 1132 1190 Quam-:54

32 1238 57 1270 ω
71 1230 162 1287 quam
184 1211 283 1285 miror,
308 1211 358 1271 illa
383 1212 522 1289 superbia
544 1223 573 1272 et
595 1211 820 1288 importunitate
847 1211 872 1271 si
899 1231 1086 1288 quemquam·

70 1307 200 1367 amicum
217 1302 326 1368 habere
344 1309 449 1385 potuit.
492 1310 593 1385 Atque
614 1318 647 1367 ut
665 1306 872 1384 huiusquem
893 1306 964 1380 dixi,
981 1326 1085 1366 mores¹

71 1424 156 1466 veros
170 1405 282 1465 amicos
301 1415 404 1482 parare
418 1426 480 1466 non
499 1404 725 1482 potuerunt,.sic
738 1406 897 1464 multorum
911 1423 984 1480 opes
997 1423 1079 1480 prae·
1123 1407 1137 1461 '2

69 1502 237 1578 potentium
253 1504 416 1562 excludunt
429 1501 573 1562 amicitias
586 1501 689 1562 fidelis.
722 1503 796 1562 Non
809 1500 889 1561 enim
903 1502 1000 1560 solum
1013 1500 1083 1577 ipsaz

69 1600 188 1659 fortuna
207 1595 298 1657 caeca
325 1608 379 1671 est,
400 1600 453 1659 se'd
475 1617 526 1659 eos
548 1597 636 1658 etiam
656 1599 831 1677 plerumque
851 1595 940 1657 efficit
960 1600 1075 1669 caecos

31 1716 143 1774 1⁵quos
158 1698 313 1772 complexa
328 1707 379 1757 est.
424 1699 531 1773 Itaque
546 1698 707 1757 efferuntur
718 1696 779 1756 fere
799 1693 916 1754 fastidio
931 1703 961 1754 et
975 1705 1083 1754 contu--

70 1793 173 1868 macla,
188 1812 244 1852 nec
259 1793 419 1870 quicquam
439 1792 597 1870 insipiente
616 1794 766 1852 fortunato
782 1789 994 1850 intolerabilius
1012 1788 1076 1849 fieri

68 1900 175 1966 potest.
218 1892 317 1965 Atque
332 1890 391 1948 hoc
404 1889 527 1965 quidem
539 1888 639 1949 videre
660 1886 737 1962 licet,
753 1905 814 1960 em,
830 1886 881 1963 qui
894 1895 983 1947 antea
996 1904 1081 1946 com-¹

68 1985 165 2046 modis
179 1986 288 2045 luerint
301 1985 583 2063 moribus,.imperi0
598 1993 745 2062 potestate
759 1981 908 2061 prosperis
921 1985 1009 2042 rebus
1023 1983 1075 2042 im-

68 2082 181 2156 mutari,
197 2083 296 2160 sperni
309 2084 348 2142 ab
363 2081 698 2155 eisssveteres‘amicitias,
708 2079 854 2157 indulgeri
866 2079 959 2140 novis.
977 2137 979 2141 ,
992 2079 1074 2155 Quid
1089 2080 1125 2138 55

28 2211 53 2238 20
66 2189 165 2240 autem
180 2179 296 2240 stultius
305 2199 405 2256 quam,
415 2196 485 2240 cum
494 2178 654 2257 plurimum
664 2177 760 2256 copiis
770 2176 1073 2254 facultatibusopibus

68 2277 190 2353 possint,
209 2289 307 2338 cetera
319 2298 430 2355 parare,
446 2297 523 2355 quae
535 2288 676 2354 parantur
688 2276 824 2354 pecunia,
839 2280 932 2353 equos
946 2276 1073 2336 famulos

66 2387 179 2436 vestem
193 2375 338 2454 egregiam
352 2397 423 2437 vasa
435 2377 581 2453 pretiosa-t
601 2376 714 2438 amicos
727 2395 790 2437 non
803 2388 914 2453 parare,
929 2375 1072 2451 optimam

67 2481 97 2532 et
109 2472 335 2549 pulcherrimam
350 2472 436 2546 vitae,
448 2483 482 2532 ut
496 2470 537 2533 ita
551 2472 659 2547 dicam,
674 2471 910 2549 supellectilem?
951 2469 1071 2530 Etenim

66 2583 165 2628 cetera
177 2588 245 2628 cum
260 2579 372 2645 parant,
388 2568 437 2629 cui
451 2580 556 2646 parent
570 2569 707 2629 nesciunt
720 2587 777 2628 nec
792 2567 876 2626 cuius
890 2586 979 2625 causa
992 2568 1078 2630 labo-.

25 2695 50 2733 25
63 2676 149 2739 rant;
169 2665 232 2726 eius
251 2664 331 2726 enim
346 2676 391 2725 est
405 2666 529 2725 istorum
545 2665 678 2742 quidque
699 2662 750 2740 qui
763 2662 835 2724 vicit
852 2662 963 2724 viribus
971 2683 980 2738 ;
1001 2662 1071 2722 ami-

65 2759 199 2820 citiarum
220 2780 274 2821 sua
292 2759 574 2840 cuique'permanet
593 2761 706 2824 stabilis
721 2771 751 2822 et
768 2771 848 2821 certa
861 2759 1017 2837 possessio,
1038 2771 1070 2820 ut

65 2853 155 2914 etiam
174 2853 199 2914 si
212 2854 262 2914 illa
275 2866 425 2928 maneant,
440 2875 518 2932 quae
537 2865 606 2914 sunt
618 2853 708 2931 quasi·
723 2854 804 2915 dona
817 2855 958 2925 fortunae,
970 2863 1070 2913 tamen

64 2948 126 3006 vita
145 2947 257 3008 inculta
280 2959 310 3009 et
331 2951 448 3010 deserta
467 2951 507 3010 ab
527 2949 630 3011 amicis
650 2969 712 3011 non
731 2948 825 3026 possit
844 2968 911 3010 esse
930 2947 1069 3008 iucunda.

65 3046 124 3106 Sed
138 3046 213 3106 haec
226 3049 378 3107 hactenus·
480 3052 481 3058 ’

25 3173 55 3210 30:
123 3143 208 3201 XVI.
252 3143 463 3206 Constituendi
491 3155 591 3205 autem
618 3155 696 3217 sunt,
720 3142 772 3220 qui
800 3142 859 3203 sint
885 3140 917 3201 in
940 3139 1070 3201 amicitia
1083 3142 1121 3200 56

65 3226 139 3298 fines
158 3248 188 3298 et
206 3240 293 3315 quasi
305 3241 423 3302 termini
441 3240 592 3319 diligendi.
635 3243 685 3302 De
702 3241 811 3317 quibus
829 3238 880 3299 tris
900 3236 989 3298 video
1006 3258 1070 3299 sen-

64 3334 171 3394 tentias
186 3334 260 3408 ferri,
277 3355 401 3412 quarum
414 3339 527 3397 nullam
548 3338 661 3414 probo:
682 3356 782 3409 unam,
796 3346 829 3396 ut
849 3336 955 3396 eodem
975 3337 1075 3396 modo,

64 3433 132 3506 cr'ga
152 3430 282 3490 amicum
301 3433 398 3511 affecti
418 3434 510 3496 simus
525 3453 669 3511 quoerga
682 3442 801 3493 nosmet
815 3432 896 3508 ipsos
906 3452 921 3506 3,
934 3432 1077 3502 alteram,-
