2476 3824
137 216 177 292 38
222 213 230 228 “
535 212 734 276 anemos
1022 209 1082 296 [rx
1096 232 1135 292 30

134 344 240 406 virtute
260 355 291 405 et
310 342 454 421 sapientia
473 341 516 404 sic
535 341 666 403 munitus
687 354 741 417 est,
760 355 793 405 ut
814 345 896 406 nullo
918 355 1002 423 egeat
1024 364 1135 423 suaque

135 440 235 503 omnia
255 441 286 501 in
307 461 339 503 se
359 440 424 519 ipso
444 441 541 520 posita
560 441 678 516 iudicet,
696 442 737 503 ita
757 442 788 502 in
808 442 943 504 amicitiis
964 445 1135 521 expetendis

134 541 327 618 colendisque
348 540 477 602 maxime
499 539 621 602 excellit.
665 541 748 616 Quid
769 541 872 602 enim?
910 541 1065 603 Africanus
1092 542 1135 602 in-

134 638 237 716 digens
251 636 334 699 mei?
360 636 488 698 Minime
500 639 637 699 herculei
664 639 710 696 Ac
724 656 763 698 ne
776 656 832 714 ego
847 636 967 714 quidem
981 637 1067 713 illius,
1082 640 1135 700 sed

134 753 190 812 ego
208 720 402 795 admiratione
416 735 546 811 quadam
563 732 676 795 virtutis
695 732 766 806 eius,
781 733 831 794 ille
847 732 976 794 vicissim
994 733 1134 812 opinione

134 834 256 892 fortasse
266 851 328 892 non
342 833 424 891 nulla
434 851 523 908 quam
535 832 575 892 de
584 830 658 892 meis
666 829 797 892 moribus
806 829 944 901 habebat,
953 849 1003 890 me
1016 829 1135 905 dilexit3

133 927 214 988 auxit
226 927 464 989 benevolentiam
483 924 675 988 consuetudo.
719 928 779 988 Sed
799 942 979 1003 quamquam
996 925 1134 986 utilitates

133 1024 244 1086 multae
258 1036 288 1085 et
297 1044 422 1102 magnae
436 1035 613 1086 consecutae
626 1035 703 1099 sunt,
715 1045 777 1086 non
790 1035 857 1085 sunt
871 1035 971 1084 tamen
981 1025 1019 1084 ab
1034 1043 1134 1084 earum

80 1121 118 1181 31
133 1140 186 1198 spe
194 1141 300 1182 causae
311 1120 453 1198 diligendi
461 1123 619 1198 profectae.
661 1125 704 1184 Ut
715 1121 795 1183 enim
804 1120 932 1182 benefici
942 1121 1135 1198 liberalesque

133 1221 242 1290 sumus,
266 1236 327 1276 non
349 1227 382 1276 ut
406 1217 555 1294 exigamus
578 1217 839 1295 gratiam-neque
859 1215 938 1276 enim
958 1216 1136 1276 beneficium
1152 1249 1176 1275 10

132 1315 410 1375 faeneramur-sed
426 1325 530 1374 natura
547 1315 685 1393 propensi
699 1317 738 1376 ad
751 1313 955 1376 liberalitatem
969 1333 1077 1386 sumus,
1093 1313 1135 1373 sic

132 1406 291 1469 amicitiam
311 1429 373 1469 non
390 1429 442 1486 spe
463 1409 608 1471 mercedis
629 1410 759 1483 adducti,
780 1411 834 1471 sed
854 1411 936 1486 quod
956 1408 1052 1469 omnis
1073 1407 1134 1469 eius

79 1504 240 1566 usufructus
260 1505 291 1564 in
308 1505 373 1583 ipso
391 1527 493 1568 amore
512 1508 596 1579 inest,
612 1509 807 1584 expetendam
825 1517 972 1584 putamus.
1013 1508 1063 1566 Ab
1079 1506 1133 1577 his,

132 1600 183 1678 qui
196 1602 345 1678 pecudum
353 1601 409 1662 ritu
423 1603 462 1662 ad
474 1604 657 1680 voluptatem
671 1602 772 1663 omnia
780 1604 917 1676 referunt,
927 1603 1014 1679 longe
1025 1602 1136 1663 dissen-

131 1695 216 1768 tiunt,
241 1715 297 1756 nec
318 1695 424 1756 mimm
435 1717 444 1771 3
471 1697 544 1757 nihil
566 1697 646 1759 enim
670 1699 772 1772 altum,
795 1697 870 1756 nihil
889 1698 1078 1774 magnificum
1101 1716 1174 1765 ac15

132 1789 265 1851 divinum
283 1792 430 1870 suspicere
445 1805 578 1871 possunt,
600 1794 652 1872 qui
670 1815 736 1856 suas
758 1793 855 1856 omnis
876 1793 1069 1872 cogitationes
1085 1796 1134 1855 ab·

131 1886 262 1949 iecemnt
275 1887 306 1948 in
319 1909 382 1950 rem
400 1901 461 1950 tam
479 1889 622 1952 humilem
640 1901 760 1968 tamque
780 1902 990 1968 contemptam.
1034 1893 1133 1968 Quam
1182 1879 1184 1883 ⁷

131 1984 170 2045 ob
184 2004 246 2045 rem
260 1986 315 2046 hos
329 1985 451 2064 quidem
464 1987 502 2048 ab
516 1988 574 2048 hoc
588 2008 724 2049 sermone
737 2007 950 2059 removeamus,
966 1986 1021 2064 ipsi
1035 1998 1134 2047 autem

131 2081 334 2160 intellegamus
348 2095 452 2144 natura
468 2083 549 2162 gigni
568 2104 687 2146 sensum
704 2083 846 2162 diligendi
862 2095 892 2145 et
910 2081 1133 2144 benevolentiae

131 2177 281 2238 caritatem
289 2178 583 2256 sactasignificatione
591 2179 753 2257 probitatis,
760 2199 850 2257 quarn
862 2178 912 2256 qui
921 2177 1133 2255 appetiverunt,
1150 2211 1174 2237 20

130 2272 279 2350 applicant
300 2293 365 2335 sese
383 2285 414 2335 et
436 2274 556 2353 propius
580 2277 750 2350 admovent,
766 2285 799 2335 ut
821 2285 851 2336 et
873 2294 928 2334 usu
953 2273 1024 2345 eius,
1042 2292 1132 2350 quem

131 2369 252 2448 diligere
275 2382 444 2448 coepemnt,
466 2373 599 2432 fruantur
626 2384 657 2434 et
683 2371 822 2444 moribus,
846 2370 964 2446 sintque
991 2388 1075 2445 pares
1101 2369 1132 2428 in

130 2486 231 2527 amore
244 2478 274 2529 et
287 2468 425 2545 aequales
439 2469 703 2546 propensioresque
717 2469 756 2529 ad
769 2469 846 2528 bene
860 2466 1034 2526 merendum
1043 2485 1133 2542 quam

130 2565 169 2623 ad
182 2565 406 2640 reposcendum,
417 2576 506 2642 atque
518 2567 593 2626 haec
601 2565 678 2626 inter
692 2585 743 2627 eos
758 2563 795 2625 sit
805 2566 931 2624 honesta
943 2563 1130 2624 concertatio.

129 2658 178 2720 Sic
198 2670 227 2720 et
245 2659 384 2721 utilitates
400 2681 437 2721 ex
457 2660 587 2721 amicitia
604 2661 751 2722 maximae
769 2660 929 2738 capientur,
950 2670 980 2720 et
998 2658 1052 2720 erit
1071 2658 1134 2720 eius
1149 2691 1173 2729 25

129 2767 209 2817 ortus
223 2776 242 2816 a
254 2768 357 2816 natura
371 2778 460 2835 quam
474 2759 512 2820 ab
525 2758 726 2820 imbecillitate
739 2757 853 2835 gravior
866 2768 896 2818 et
908 2755 1010 2818 verior.
1053 2758 1133 2817 Nam

129 2854 154 2913 si
169 2851 278 2914 utilitas
297 2855 510 2932 conglutinaret
526 2853 677 2928 amicitias,
699 2856 805 2916 eadem
828 2863 1011 2915 commutata
1032 2852 1133 2914 dissol-

128 2960 227 3024 veret;
255 2952 309 3011 sed
330 2950 400 3028 quia
427 2963 531 3012 natura
556 2952 662 3012 mutari
690 2972 752 3013 non
778 2962 885 3029 potest,
909 2950 1020 3012 idcirco
1046 2971 1132 3012 verae

128 3044 273 3108 amicitiae
283 3046 478 3124 sempiternae
491 3059 567 3109 sunt.
611 3049 717 3110 Ortum
727 3047 848 3125 quidem
861 3046 1007 3108 amicitiae
1016 3045 1131 3121 videtis

128 3137 184 3199 nisi
198 3140 271 3216 quid
284 3143 323 3202 ad
336 3143 410 3202 haec
423 3144 498 3204 forte
510 3142 605 3204 voltis

188 3238 341 3298 annrus.
383 3240 432 3298 Tu
452 3258 522 3299 vero
544 3257 641 3317 perge,
664 3235 765 3300 Laeli!
807 3239 865 3299 Pro
885 3238 945 3297 hoc
966 3237 1055 3311 enim,
1080 3238 1131 3316 qui

127 3329 225 3392 minor
238 3343 282 3392 est
296 3344 375 3409 natu,
391 3353 461 3395 meo
475 3333 538 3396 iure
551 3334 727 3411 respondeo.

72 3426 114 3484 33
188 3429 356 3492 Scaevoia
413 3431 510 3494 Recte
523 3441 556 3492 tu
569 3430 711 3509 quidem:
731 3447 821 3507 quam
835 3428 874 3490 ob
888 3448 951 3491 rem
965 3427 1126 3490 audiamus.
