2476 3824
131 207 169 286 5⁶
488 185 491 221 ³
517 204 724 270 ‘auersos
963 203 1084 290 [xxiv
1098 209 1137 284 89

131 337 262 398 Molesta
275 333 400 408 'veritae'
417 333 569 411 siquidem
593 353 631 397 ex
650 353 687 394 ea
706 333 837 396 nascitur
856 332 968 409 odium,
991 336 1073 412 quod
1093 346 1138 399 est

129 452 278 494 venenum
301 431 448 495 amicitiae
469 434 524 495 sed
548 432 724 510 obsequium
749 434 844 492 multo
864 431 1028 506 molestius,
1049 433 1136 509 quod

130 531 260 609 peccatis
276 530 433 609 indulgens
451 530 643 609 praecipitem
660 530 790 592 amicum
809 529 877 592 ferri
899 529 968 590 sinit
978 552 987 605 3
1007 530 1138 592 maxima·

129 639 229 688 autem
243 629 330 705 eulpa
343 628 374 689 iu
388 648 434 702 eo,
450 627 502 706 qui
514 638 546 690 et
559 627 712 689 veritatem
726 639 899 705 aspernatur
911 639 943 692 et
956 627 987 689 in
1000 631 1136 692 fraudem

130 723 274 800 obsequio
294 723 460 801 impellitur.
504 723 595 786 Omni
613 723 701 800 igitur
720 724 778 784 hac
797 723 830 787 in
851 744 883 785 re
903 725 1042 787 habenda
1061 726 1136 788 ratio
1164 758 1177 796 5

129 832 159 882 et
180 821 331 899 diligentia
353 832 405 895 est,
427 821 554 899 primum
578 831 611 882 ut
633 820 760 883 monitio
781 820 950 894 acerbitate,
971 821 1083 884 deinde
1103 834 1136 884 ut

39 945 41 951 ¹
128 918 294 996 obiurgatio
311 918 494 979 contumelia
508 928 613 978 careat.
658 919 695 977 In
710 916 855 994 obsequio
869 928 977 992 autem,
993 920 1135 995 quoniam

128 1005 312 1076 Terentiano¹
325 1016 417 1076 verbo
435 1017 571 1075 lubenter
590 1014 708 1086 utimur,
724 1014 848 1075 comitas
867 1013 954 1088 adsit,
974 1016 1135 1080 assentatio

127 1112 265 1173 vitiorum
284 1113 413 1174 adiutrix
430 1115 535 1190 procul
555 1123 734 1184 amoveatur,
750 1131 827 1188 quae
844 1132 907 1173 non
920 1114 1013 1174 modo
1027 1114 1134 1188 amico,

128 1212 181 1272 sed
201 1231 240 1271 ne
260 1211 353 1271 libero
372 1210 496 1288 quidem
516 1209 607 1287 digna
629 1204 686 1283 est3
707 1208 791 1269 aliter
809 1207 891 1271 euim
911 1228 979 1268 cum
998 1219 1133 1286 tyranne,
1150 1243 1175 1271 ιο

77 1307 115 1366 90
129 1307 214 1368 aliter
226 1327 297 1367 cum
310 1307 408 1368 amico
420 1305 534 1368 vivitur.
566 1307 661 1370 Cuius
675 1317 775 1367 autem
789 1323 874 1368 aures
886 1308 1006 1366 clausae
1019 1307 1134 1369 veritati

128 1415 205 1477 sunt,
219 1414 254 1465 ut
267 1404 305 1464 ab
319 1403 416 1463 amico
430 1422 533 1486 verum
551 1402 653 1462 audire
673 1412 810 1478 nequeat,
827 1400 914 1462 huius
935 1402 1013 1464 salus
1030 1404 1134 1479 despe-

127 1502 221 1569 randa
234 1511 286 1561 est.
329 1499 443 1562 Scitum
456 1510 503 1561 est
517 1499 597 1560 enirn
611 1498 683 1560 illud
699 1497 832 1572 Catonis,
847 1509 880 1560 ut
901 1501 1008 1562 multa:
1028 1501 1133 1562 melius

127 1599 167 1662 de
181 1597 358 1675 quibusdam
370 1599 493 1658 acerbos
507 1596 643 1656 inimicos
657 1595 770 1670 mereri,
785 1615 875 1672 quam
890 1595 1071 1671 eosamieos,
1080 1596 1133 1674 qui

127 1695 231 1756 dulces
250 1693 420 1767 videantur3
440 1693 505 1753 illos
526 1712 629 1753 verum
649 1711 739 1768 saepe
760 1691 867 1766 dicere,
882 1694 938 1754 hos
958 1713 1130 1770 numquam.
1148 1727 1173 1766 ts

126 1793 227 1868 Atque
239 1790 313 1852 illud
327 1791 497 1862 absurdum,
506 1790 589 1866 quod
597 1789 635 1861 ei,
643 1789 695 1866 qui
710 1801 952 1874 monentur,eam
966 1791 1132 1852 molestiam

127 1907 217 1964 quam
238 1890 350 1949 debent
370 1907 476 1965 capere
496 1908 559 1948 non
579 1888 709 1965 capiunt,
726 1908 792 1948 eam
803 1888 925 1965 capiunt
937 1908 1000 1965 qua
1021 1890 1131 1952 debent

126 2005 233 2046 vacare
283 1986 429 2046 Peccasse
443 1982 523 2044 enim
542 2004 574 2044 se
588 2003 650 2044 non
668 1996 824 2061 anguntur,
839 1983 988 2061 obiurgari
1006 1988 1131 2048 moleste

126 2084 236 2143 ferunt.
263 2083 348 2159 quod
371 2092 474 2143 eontra
496 2083 655 2159 oportebat
680 2082 793 2144 delicto
817 2083 926 2156 dolere,
948 2083 1132 2146 correctione

127 2180 265 2257 gaudere.
1145 2215 1171 2244 20

74 2276 112 2335 91
187 2276 286 2333 XXV.
329 2276 374 2334 Ut
395 2272 484 2350 igitur
509 2283 541 2334 et
568 2293 691 2334 monere
713 2285 745 2335 et
770 2273 885 2335 moneri
908 2276 1059 2354 proprium
1084 2289 1131 2342 est

125 2392 213 2434 verae
224 2371 384 2446 amicitiae,
399 2382 429 2432 et
442 2373 566 2432 alterum
580 2371 671 2432 libere
685 2373 790 2444 lacere,
806 2391 867 2432 non
881 2392 993 2449 aspere,
1008 2374 1131 2434 alterum

125 2469 271 2548 patienter
280 2468 422 2546 accipere,
434 2488 497 2529 non
510 2480 715 2544 repugnanter,
727 2469 770 2529 sic
783 2469 955 2530 habendum
963 2482 1010 2531 est
1020 2474 1131 2534 nullam

125 2568 158 2628 in
171 2565 307 2627 amicitiis
320 2577 436 2644 pestem
450 2585 514 2627 esse
528 2565 679 2639 maiorem,
695 2585 785 2642 quam
803 2566 1004 2628 adulationem
1017 2569 1130 2630 blandi·

125 2665 198 2725 tiam
211 2663 455 2724 assentationem:
477 2662 610 2740 quamvis
625 2662 705 2723 enim
719 2663 819 2725 multis
833 2664 1003 2726 nominibus
1014 2677 1059 2726 est
1072 2667 1131 2729 hoc
1145 2699 1169 2738 25

123 2760 229 2821 vitium
238 2761 404 2819 notandum
417 2757 525 2820 levium
536 2744 690 2820 hominum
705 2759 793 2836 atque
807 2761 964 2833 fallacium,
976 2763 1016 2821 ad
1028 2763 1130 2840 volup

73 2860 111 2918 92
125 2869 215 2919 tatem
236 2856 422 2934 loquentium
444 2857 552 2930 omnia,
574 2856 648 2918 nihil
668 2858 707 2916 ad
725 2856 887 2917 veritatem.
931 2860 1009 2921 Cum
1029 2870 1129 2920 autem

125 2955 259 3016 omnium
285 2973 383 3014 rerum
407 2954 554 3015 simulatio
578 2953 684 3015 vitiosa
705 2963 758 3025 est,
781 2955 858 3014 tollit
879 2954 959 3014 enim
986 2955 1129 3018 iudicium

124 3052 186 3113 veri
204 3051 293 3128 idque
313 3051 467 3123 adulterat,
482 3061 546 3111 tum
566 3050 713 3112 amicitiae
726 3062 870 3128 repugnat
884 3050 1030 3126 maxime,-
1050 3054 1129 3115 delet

127 3149 206 3208 enirn
221 3146 381 3221 veritatem,
398 3145 461 3206 sine
476 3167 536 3224 qua
548 3167 660 3209 nomen
674 3147 821 3208 amicitiae
834 3149 932 3208 valere
945 3167 1008 3209 non
1021 3161 1127 3227 potest.
1143 3183 1169 3222 30

125 3246 205 3303 Nam
226 3262 293 3301 cum
313 3240 458 3302 amicitiae
479 3243 523 3302 vis
544 3243 581 3303 sit
601 3243 632 3302 in
653 3262 697 3316 e0,
712 3254 745 3302 ut
759 3262 836 3303 unus
850 3243 933 3320 quasi
947 3244 1063 3304 animus
1076 3247 1128 3307 fiat

125 3360 161 3400 ex
174 3339 305 3416 pluribus
310 3361 319 3415 3
341 3338 392 3417 qui
406 3339 437 3399 id
451 3339 512 3399 fieri
525 3339 641 3418 poterit,
657 3339 682 3398 si
701 3359 739 3398 ne
753 3338 784 3398 in
798 3358 859 3398 uno
873 3338 994 3415 quidem
1008 3359 1127 3416 quoque

124 3451 202 3492 unus
219 3430 337 3492 animus
358 3431 412 3493 erit
430 3430 570 3508 idemque
589 3450 713 3509 semper,
728 3431 781 3493 sed
798 3430 895 3492 varius
909 3429 1126 3491 'commutabilis
