2476 3824
124 204 201 265 XIX
215 201 266 290 69]
469 208 537 268 DE
561 208 784 271 AMICITIA.
1085 230 1124 287 49
1162 208 1165 212 ’

121 344 176 408 est,
189 343 226 396 ut
236 354 276 396 ne
296 333 467 399 criminibus
480 348 532 398 aut
544 336 704 398 inferendis
720 337 883 398 delectetur
895 347 949 399 aut
960 339 1062 400 credat
1074 341 1126 400 ob

122 429 198 504 latis,
211 450 291 508 quae
303 432 452 511 pertinent
463 433 564 494 omnia
577 435 616 495 ad
630 453 706 507 eam,
715 453 805 510 quarn
819 434 878 495 iam
893 437 1009 496 dudum
1021 447 1125 511 tracto,

122 529 330 590 constantiam.
371 533 422 590 Ita
435 531 577 592 fitverum
590 531 673 606 illud,
685 534 768 609 quod
782 532 867 594 initio
882 533 951 602 dixi,
965 524 1126 604 amicitiam

121 623 178 685 uisi
197 624 274 685 inter
292 627 389 687 bonos
408 644 474 688 esse
491 647 552 688 non
572 648 668 704 posse.
712 631 768 689 Est
780 629 861 688 enim
873 628 947 691 boni
959 629 1021 705 viri,
1036 650 1125 707 quem

96 722 252 790 senadern
263 712 435 800 ¹sapientem
445 722 515 785 licet
529 723 636 800 dicere,
652 725 728 784 haec
746 726 806 784 duo
821 735 922 786 tenere
936 725 967 784 in
981 725 1124 789 amicitia:

122 818 260 896 primum,
274 819 400 896 nequid
413 822 516 882 fictum
529 822 567 884 sit
580 842 655 882 neve
669 822 853 898 simulatum3
873 836 974 901 aperte
987 825 1069 885 enim
1077 827 1126 886 vel

122 910 223 972 odisse
243 911 336 992 magis
355 913 475 992 ingenui
494 925 539 975 est
553 933 644 992 quam
658 918 754 976 fronte
768 918 916 976 occultare
931 917 1125 979 sententiam

104 1007 233 1100 ⁸deinde
249 1011 427 1080 non'solum
443 1013 483 1072 ab
500 1011 601 1088 aliquo
616 1013 719 1071 allatas
736 1010 955 1071 criminationes
975 1014 1124 1088 repellere,

123 1106 177 1166 sed
197 1105 348 1184 seipsum
368 1109 489 1184 quidem
506 1129 573 1170 esse
589 1108 792 1186 suspiciosum,
812 1127 928 1186 semper
947 1107 1060 1185 aliquid
1078 1129 1126 1170 ex·

82 1232 109 1261 ιο
121 1200 300 1262 istimantem
319 1205 360 1264 ab
374 1203 472 1274 amico
491 1223 556 1266 esse
575 1206 738 1267 violatum
768 1203 902 1266 Accedat
918 1205 978 1265 huc
997 1204 1124 1266 suavitas
1140 1205 1177 1263 66

122 1301 271 1377 quaedam
295 1313 413 1380 oportet
435 1322 605 1364 sermonum
628 1315 719 1380 atque
742 1322 868 1376 morum,
892 1304 1125 1380 haudquaquam

122 1397 272 1459 mediocre
285 1399 509 1460 condimentum
520 1400 675 1462 amicitiae.
697 1401 828 1462 Tristitia
841 1412 940 1462 autem
954 1412 984 1461 ct
997 1401 1029 1461 in
1042 1399 1126 1462 omni

120 1512 153 1556 re
181 1495 320 1557 severitas
346 1497 437 1557 habet
463 1496 513 1557 illa
547 1496 668 1574 quidem
701 1497 883 1574 gravitatem,
910 1499 964 1558 sed
997 1496 1126 1558 amicitia

121 1592 269 1654 remissior
276 1612 341 1653 esse
355 1593 445 1654 debet
459 1604 490 1655 et
503 1593 621 1655 liberior
635 1606 665 1656 et
679 1596 794 1656 dulcior
807 1605 836 1656 et
850 1596 889 1656 ad
903 1614 1025 1656 omnem
1039 1594 1129 1656 comi-

83 1721 107 1760 ιε
119 1701 211 1752 tatem
223 1689 454 1768 facilitatemque
466 1691 630 1769 proclivior.

180 1788 266 1846 XIX.
309 1786 430 1848 Exsistit
449 1798 549 1848 autem
569 1789 628 1849 hoc
647 1790 721 1850 loco
736 1788 885 1866 quaedam
904 1787 1041 1865 quaestio
1060 1790 1126 1849 sub·
1140 1790 1177 1848 67

122 1881 257 1956 difficilis,
278 1902 350 1942 num
371 1885 492 1960 quando
513 1883 602 1944 amici
620 1883 700 1958 novi,
722 1883 806 1962 digni
825 1883 963 1958 amicitia,
978 1884 1125 1946 veteribus

122 1976 181 2038 sint
189 1977 400 2054 anteponendi,
410 1990 443 2040 ut
454 1979 538 2056 equis
546 1980 652 2040 vetulis
662 1991 780 2040 teneros
790 1990 969 2056 anteponere
980 1981 1124 2041 solemus:

122 2073 245 2151 indigna
257 2073 379 2135 bomine
387 2074 532 2137 dubitatio
538 2100 547 2152 3
560 2096 622 2136 non
633 2075 713 2135 enim
723 2077 834 2136 debent
843 2095 908 2136 esse
921 2074 1124 2150 amicitiarum,

84 2205 109 2231 ω
122 2170 198 2232 sicut
217 2171 341 2232 aliarum
366 2189 472 2249 rerum,
493 2174 643 2235 satietates
653 2196 664 2249 3
690 2174 847 2235 veterrima
866 2193 1011 2251 quaeque,
1034 2185 1068 2234 ut
1089 2192 1142 2234 ea·

84 2327 88 2334 ,
121 2267 193 2328 vina
214 2287 291 2344 quae
318 2280 495 2332 vetustatem
516 2273 622 2344 ferunt,
647 2291 713 2332 esse
734 2271 845 2332 debent
872 2270 1054 2344 suavissima,
1077 2289 1125 2330 ve-

121 2386 247 2444 rumque
267 2366 341 2427 illud
360 2377 416 2442 est,
436 2369 520 2445 quod
540 2368 655 2444 dicitur,
678 2370 787 2429 multos
808 2366 929 2428 modios
950 2367 1017 2428 salis
1036 2367 1124 2428 simul

122 2465 256 2524 edendos
278 2483 352 2538 esse,
370 2475 403 2525 ut
421 2464 567 2525 amicitiae
584 2486 693 2526 munus
714 2468 865 2543 expletum
880 2465 925 2525 sit.
968 2465 1124 2526 Novitates
1139 2466 1177 2526 68

122 2573 231 2634 autem,
247 2559 272 2620 si
285 2580 369 2638 spem
383 2565 517 2636 afferunt,
527 2574 560 2623 ut
574 2575 724 2641 tamquam
738 2564 770 2623 in
783 2562 882 2624 herbis
895 2582 958 2622 non
972 2562 1124 2624 fallacibus
1169 2613 1171 2618 .

79 2689 107 2736 ¹25
119 2661 229 2720 fructus
243 2671 392 2736 appareat,
403 2680 464 2720 non
479 2671 546 2720 sunt
555 2661 622 2721 illae
636 2660 757 2737 quidem
771 2661 981 2736 repudiandae,
995 2669 1124 2720 vetustas

121 2767 223 2818 tamen
242 2760 310 2818 loco
332 2777 386 2818 suo
407 2760 608 2819 conservanda
617 2781 627 2834 3
653 2758 783 2818 maxima
804 2769 847 2818 est
869 2757 948 2819 enim
966 2757 1010 2818 vis
1028 2768 1125 2817 vetus-

122 2855 191 2913 tatis
210 2862 240 2912 et
261 2853 493 2914 consuetudinis,
535 2857 607 2932 Ipso
634 2875 723 2932 equo,
743 2854 827 2914 cuins
854 2855 946 2914 modo
966 2853 1023 2912 feci
1043 2873 1124 2913 men-

119 2947 244 3023 tionem,
263 2949 289 3008 si
309 2951 391 3012 nulla
410 2970 457 3010 res
475 2949 627 3027 impediat,
647 2971 736 3012 nemo
755 2963 799 3012 est
818 2951 890 3028 quin
908 2970 954 3025 e0,
971 2969 1036 3027 -quo
1055 2970 1124 3010 con·

123 3045 227 3120 suevit,
238 3045 378 3108 libentius
398 3059 496 3109 utatur
516 3070 605 3127 quarn
625 3049 780 3111 intractato
802 3061 831 3110 et
851 3069 930 3110 novo
940 3070 949 3123 ;
976 3067 1032 3108 nec
1052 3068 1123 3110 vero

82 3175 108 3215 μ
120 3143 152 3204 in
165 3144 232 3215 hoc,
247 3145 329 3219 quod
342 3155 387 3205 est
399 3146 516 3220 animal,
529 3148 583 3207 sed
596 3147 627 3206 in
642 3146 684 3207 eis
698 3147 795 3220 etiam,
811 3166 887 3224 quae
902 3156 969 3206 sunt
982 3143 1121 3220 inanima,

117 3239 308 3301 consuetudo
316 3243 402 3316 valet,
411 3263 480 3302 cum
490 3242 563 3302 locis
575 3243 646 3319 ipsis
661 3245 850 3318 delectemur,
861 3243 1026 3304 montuosis
1034 3243 1123 3305 etiam

123 3349 152 3399 et
166 3337 355 3410 silvestribus,
369 3337 519 3416 inquibus
533 3339 643 3400 diutius
656 3340 830 3402 commorati
843 3360 953 3401 sumus.

121 3485 123 3488 ,
183 3433 244 3493 Sed
266 3432 429 3496 maximum
453 3446 498 3497 est
521 3434 553 3494 in
577 3434 707 3497 amicitia
730 3436 909 3514 superiorem
932 3455 1035 3514 parem
1058 3437 1176 3504 esseda

204 3546 233 3588 R.
250 3547 275 3588 1.
1066 3544 1088 3588 ὁ.
