2476 3824
113 218 208 280 XXII
223 215 275 300 83]
461 219 529 279 DE
554 219 779 313 AMJCJTJA.
1080 239 1116 299 53

111 348 298 427 potissimum
313 346 446 426 diligunt,
462 347 619 426 exquibus
632 359 752 426 sperant
769 368 802 411 se
815 347 977 410 maximum
990 351 1118 411 fructum
1195 352 1198 364 ¹

112 465 177 508 esse
191 457 339 524 capturos.
362 449 411 507 Ita
423 447 621 524 pulcherrima
634 447 685 508 illa
696 458 728 509 et
741 446 870 508 maxime
879 447 1004 510 naturali
1018 457 1118 514 carent
1132 438 1170 506 80

67 528 69 532 ’
112 543 243 604 amicitia
255 562 356 620 perse
373 553 403 603 et
415 553 538 620 propter
550 562 584 604 se
598 543 736 620 expetita,
751 562 809 604 nec
827 542 884 620 ipsi
902 542 958 603 sibi
979 543 1118 619 exemplo

111 649 189 712 sunt,
203 641 278 699 haec
292 640 337 700 vis
352 638 499 700 amicitiae
510 650 541 700 et
555 639 653 717 qualis
672 650 702 701 et
717 650 829 716 quanta
841 640 879 707 sit
883 661 892 715 3
911 638 977 716 ipse
991 637 1071 698 enim
1085 657 1117 702 se

84 737 236 814 squisque
257 737 362 814 diligit,
377 757 440 798 non
453 748 487 798 ut
506 738 635 815 aliquam
656 757 674 798 a
694 758 726 798 se
746 738 811 815 ipse
831 739 999 798 mercedem
1019 737 1117 814 exigat

111 832 240 894 caritatis
255 853 335 908 suae,
346 835 399 895 sed
414 837 496 912 quod
516 855 570 912 per
591 855 623 895 se
640 835 766 912 quisque
783 834 840 895 sibi
853 855 939 894 carus
951 846 1011 910 est;
1031 835 1115 912 quod
1176 834 1179 838 ’

110 930 167 989 nisi
181 930 262 990 idem
277 931 308 990 in
322 931 482 990 amicitiam
501 932 700 1005 transferetur,
715 948 802 992 verus
822 931 934 996 amicus
951 951 1115 1008 numquam

109 1027 284 1104 reperietur:
299 1039 344 1089 est
358 1028 438 1089 enim
451 1028 485 1101 is,
501 1028 552 1106 qui
567 1040 612 1090 est
625 1040 779 1106 tamquam
787 1030 860 1088 alter
873 1027 962 1091 idem.
991 1029 1081 1104 Quod
1090 1027 1115 1086 si
1129 1029 1167 1086 81

110 1125 170 1183 hoc
177 1134 301 1202 apparet
310 1125 340 1186 in
350 1124 454 1185 bestiis
461 1125 631 1186 volucribus
640 1124 779 1186 nantibus
790 1125 962 1202 agrestibus
968 1123 1115 1192 cicuribus

71 1252 96 1280 to
109 1221 185 1295 seris,
200 1222 328 1298 primum
340 1234 375 1282 ut
393 1223 521 1300 seipsae
536 1222 668 1300 diligant,
684 1223 716 1284 id
730 1223 811 1285 enim
824 1223 933 1300 pariter
949 1242 1018 1282 eum
1031 1221 1115 1283 omui
1195 1268 1198 1272 .

109 1320 260 1382 animante
279 1321 418 1397 nascitur,
446 1322 555 1383 deinde
576 1333 609 1383 ut
629 1323 779 1398 requirant
799 1333 890 1399 atque
910 1333 1053 1400 appetant
1068 1324 1114 1386 ad

109 1437 183 1495 quas
198 1437 230 1478 se
250 1417 401 1495 applicent
423 1420 557 1478 eiusdem
578 1419 693 1495 generis
714 1418 882 1492 animantis,
897 1419 989 1495 idque
1003 1419 1113 1481 faciant

109 1533 177 1573 cum
191 1515 340 1576 desiderio
354 1526 385 1575 et
399 1535 468 1575 cum
489 1516 618 1592 quadam
639 1509 833 1576 similitudine
844 1515 959 1583 amoris
978 1516 1110 1588 humani,

71 1596 72 1600 Ἰ
109 1623 223 1688 quanto
237 1612 269 1672 id
282 1611 377 1689 magis
391 1613 421 1670 in
430 1613 552 1673 homine
565 1614 599 1673 fit
612 1625 725 1686 natura,
736 1611 789 1689 qui
802 1623 832 1672 et
846 1632 878 1672 se
892 1612 956 1689 ipse
971 1612 1066 1689 diligit
1079 1623 1110 1674 et

68 1739 93 1778 ις
107 1709 231 1770 alterum
259 1710 396 1786 anquirit,
420 1710 506 1773 cuius
525 1709 658 1770 animum
681 1710 724 1770 ita
745 1728 816 1771 cum
841 1729 898 1772 suo
922 1709 1053 1784 misceat,
1079 1720 1112 1771 ut

108 1807 215 1866 efficiat
228 1826 325 1882 paene
339 1825 432 1867 unum
444 1827 483 1868 ex
495 1809 632 1869 duobus!

168 1904 271 1964 XXII.
313 1905 373 1964 Sed
394 1904 529 1982 plerique
550 1925 695 1982 perverse,
719 1925 758 1966 ne
785 1905 884 1967 dicam
912 1905 1109 1984 impudenter,
1125 1909 1163 1966 82

106 1999 217 2062 habere
238 2001 329 2059 talem
347 2001 477 2060 amicum
497 2002 610 2075 volunt,
626 2004 729 2079 quales
746 2003 803 2080 ipsi
821 2023 885 2064 esse
899 2024 961 2064 non
974 2015 1108 2080 possunt,

106 2113 242 2172 quaeque
264 2095 321 2173 ipsi
342 2116 404 2156 non
428 2097 561 2158 tribuunt
582 2098 692 2173 amicis,
714 2100 790 2159 haec
809 2101 849 2159 ab
868 2101 911 2160 eis
932 2099 1108 2161 desiderant.
1214 2137 1219 2140 ·

66 2220 92 2249 ω
106 2192 163 2257 Par
196 2202 242 2250 est
268 2202 369 2252 autem
396 2193 525 2269 primum
552 2193 650 2270 ipsum
685 2213 750 2255 esse
777 2195 872 2256 virum
900 2196 1020 2268 bonum,
1047 2206 1110 2256 tum

105 2290 232 2348 alterum
259 2288 386 2349 similem
413 2291 458 2350 sui
486 2310 633 2368 quaerere.
677 2293 715 2351 In
738 2292 846 2352 talibus
869 2312 912 2364 ea,
936 2311 1027 2368 quam
1050 2291 1109 2352 iam

105 2387 221 2446 dudum
236 2398 403 2463 tractamus,
417 2389 562 2449 stabilitas
575 2388 723 2450 amicitiae
737 2389 904 2450 confirmari
917 2400 1025 2465 potest,
1040 2407 1109 2448 cum
1153 2471 1157 2474 ν

104 2484 242 2545 homines
265 2485 477 2546 benevolentia
500 2486 653 2546 coniuncti
675 2486 804 2564 primum
831 2486 1042 2568 cupiditatibus
1066 2487 1108 2547 eis

102 2581 213 2658 quibus
229 2582 320 2642 ceteri
341 2580 470 2642 serviunt
491 2580 688 2659 imperabunt,
709 2582 820 2643 deinde
840 2581 988 2658 aequitate
1007 2581 1109 2642 iustiti·

64 2707 89 2746 as
100 2698 180 2755 aque
199 2681 374 2756 gaudebunt
392 2679 552 2756 omniaque
573 2682 648 2740 alter
664 2698 718 2757 pro
735 2683 830 2740 altero
851 2678 992 2755 suscipiet
1011 2697 1108 2755 neque

102 2774 262 2851 quiequam
279 2794 420 2851 umquam
438 2774 495 2856 nisi
515 2777 674 2836 honestum
693 2786 723 2836 et
741 2786 855 2836 rectum
873 2776 947 2834 alter
964 2776 1002 2834 ab
1016 2776 1108 2834 altero

102 2871 273 2947 postulabit,
288 2891 386 2948 neque
400 2874 497 2932 solum
506 2874 606 2932 colent
619 2872 696 2932 inter
709 2891 742 2932 se
754 2892 791 2931 ac
805 2871 935 2948 diligent,
951 2871 1004 2930 sed
1018 2870 1107 2931 etiam

102 2970 288 3030 verebuntur.
331 2971 412 3028 Nam
434 2969 597 3029 maximum
618 2981 826 3029 omameutum
849 2969 997 3029 amicitiae
1021 2970 1104 3045 tollit,

103 3064 155 3140 qui
171 3084 208 3124 ex
228 3085 263 3126 ea
279 3067 356 3127 tollit
368 3069 586 3128 verecundiam.
630 3069 737 3145 Itaque
750 3069 782 3128 in
802 3068 846 3129 eis
864 3067 1047 3145 perniciosus
1062 3080 1106 3129 est
1120 3071 1158 3129 83

62 3193 88 3232 30
102 3180 189 3234 error,
200 3162 250 3237 qui
264 3162 433 3224 existimant
442 3164 598 3225 libidinum
605 3175 854 3242 peccatorumque
864 3165 995 3226 omnium
1005 3176 1105 3242 patere

101 3257 133 3317 in
154 3259 284 3320 amicitia
303 3261 461 3322 licentiam.
504 3262 655 3322 Virtutum
675 3263 805 3323 amicitia
823 3262 950 3323 adiutrix
968 3282 986 3322 a
1002 3274 1106 3323 natura

101 3359 173 3418 data
197 3369 250 3432 est,
273 3379 336 3420 non
356 3360 495 3421 vitiorum
518 3379 628 3433 comes,
655 3371 697 3434 ut,
721 3360 863 3438 quoniam
887 3359 1016 3420 solitaria
1043 3379 1105 3421 non

100 3465 202 3531 posset
214 3455 305 3516 virtus
319 3456 358 3516 ad
373 3476 498 3536 eaquae
512 3475 631 3518 summa
644 3468 715 3519 sunt
725 3456 896 3536 peruenire,
906 3456 1078 3514 coniuncta
1085 3466 1124 3506 ex
