2476 3824
139 208 258 293 =x137]
479 215 547 276 Da
572 215 795 278 AMICITIA.
1030 201 1033 208 '
1105 239 1145 297 39

203 343 242 402 X.
258 344 404 404 Laeuus.
425 343 537 406 Audite
550 363 629 414 vero,
644 341 748 421 optimi
760 343 828 418 viri,
838 365 875 407 ea
887 365 963 424 quae
976 345 1147 424 saepissime

143 436 219 500 inter
231 459 281 500 me
295 450 325 500 et
338 438 506 517 Scipionem
520 441 560 502 de
569 438 700 501 amicitia
710 439 933 501 disserebantur.
957 443 1146 517 Quamquam

137 533 192 596 ille
206 535 327 611 quidem
336 535 409 595 nihil
419 535 565 598 difficilius
580 557 644 598 esse
655 537 773 598 dicebat
787 557 876 614 quam
885 536 1043 598 amicitiam
1052 557 1146 614 usque

136 630 182 688 ad
202 640 366 690 extremum
382 629 463 691 diem
480 629 558 692 vitae
576 651 765 709 permanere:
786 651 856 692 nam
873 634 972 693 velut
990 652 1051 693 non
1065 632 1160 719 idem·

121 724 294 801 sexpediret
321 725 453 787 incidere
476 746 573 804 saepe,
595 729 643 788 vel
665 739 698 787 ut
722 729 761 788 de
784 747 816 789 re
838 728 958 805 publica
980 749 1042 789 non
1065 729 1145 789 idem

142 820 297 881 sentiretur
304 841 314 895 ;
334 823 439 882 mutari
453 822 543 884 etiam
556 842 653 885 mores
667 823 823 885 hominum
837 845 925 901 saepe
939 825 1064 900 dicebat,
1074 825 1145 886 alias

141 914 269 975 adversis
283 917 378 990 rebus,
388 917 459 977 alias
473 928 570 978 aetate
577 917 805 996 ingravescente
826 923 927 997 Atque
937 941 1038 982 earum
1048 941 1144 983 rerum

141 1012 309 1087 exemplum
336 1031 373 1072 ex
400 1011 591 1074 similitudine
617 1013 753 1090 capiebat
775 1013 904 1075 ineuntis
928 1014 1040 1090 aetatis,
1063 1017 1145 1093 quod

136 1106 249 1167 summi
262 1128 419 1185 puerorum
438 1125 552 1170 amores
570 1128 657 1186 saepe
675 1129 823 1169 unacum
840 1121 991 1188 praetexta
1008 1123 1078 1189 toga
1095 1114 1145 1173 de

100 1236 125 1265 ιο
137 1217 316 1281 ponerentur
320 1228 329 1280 ς
350 1205 395 1266 sin
409 1218 510 1268 autern
523 1208 563 1266 ad
576 1206 808 1268 adulescentiam
820 1208 1033 1284 perduxissent,
1047 1208 1145 1269 dirimi
1158 1209 1197 1268 ³4

138 1317 239 1366 tamen
265 1305 415 1365 interdum
442 1305 632 1366 contentione
665 1306 714 1366 vel
740 1305 859 1366 uxoriae
886 1305 1069 1367 condicionis
1096 1308 1144 1368 vel
1174 1312 1176 1315 ’

138 1403 290 1464 commodi
308 1403 439 1476 alicuius,
460 1403 542 1479 quod
560 1403 641 1463 idem
660 1401 783 1480 adipisci
805 1415 929 1482 uterque
952 1424 1013 1464 non
1033 1417 1139 1482 posset
1177 1414 1179 1418 ‘

139 1503 230 1577 Quod
243 1498 268 1560 si
282 1499 333 1577 qui
347 1500 463 1578 longius
476 1499 508 1559 in
525 1499 657 1561 amicitia
670 1501 801 1578 provecti
815 1513 921 1575 essent,
936 1514 1036 1564 tamen
1055 1523 1142 1581 saepe

137 1598 314 1670 labefactari,
336 1596 360 1658 si
381 1595 548 1657 inhonoris
565 1597 787 1659 contentionem
809 1597 981 1668 incidissent
989 1622 999 1676 ,-
1027 1611 1142 1677 pestem

97 1727 122 1765 ις
136 1694 215 1756 enirn
249 1696 361 1754 nullam
395 1693 537 1755 maiorem
559 1713 625 1756 esse
653 1693 788 1754 amicitiis
815 1714 905 1772 quam
938 1693 969 1754 in
996 1696 1142 1772 plerisque

136 1790 280 1868 pecuniae
288 1789 491 1867 cupiditatem,
502 1790 534 1850 in
548 1789 666 1867 optimis
678 1790 845 1867 quibusque
858 1791 978 1851 honoris
992 1802 1140 1852 certarnen

137 1899 167 1949 et
180 1887 296 1966 gloriae,
308 1907 345 1949 ex
358 1907 419 1965 quo
433 1887 601 1948 inimicitias
614 1889 755 1947 maximas
764 1907 852 1964 saepe
863 1886 939 1948 inter
949 1886 1141 1950 amicissimos

136 1983 288 2045 exstitisse.
332 1986 445 2062 Magna
463 1983 552 2045 etiam
572 1982 696 2044 discidia
712 1994 742 2043 et
763 1985 935 2060 plerumque
951 1985 1028 2044 iusta
1049 1985 1138 2057 nasci,
1155 1987 1192 2046 35

135 2100 205 2140 cum
219 2079 330 2158 aliquid
340 2082 378 2141 ab
392 2079 495 2140 amicis
509 2081 592 2157 quod
605 2091 718 2140 rectum
729 2098 790 2139 non
804 2089 881 2140 esset
890 2081 1091 2156 postularetur,
1107 2094 1140 2140 ut

86 2205 120 2234 ,ω
133 2186 184 2235 aut
197 2174 327 2236 libidinis
344 2176 468 2236 ministri
486 2186 538 2236 aut
556 2176 705 2236 adiutores
724 2187 822 2236 essent
839 2176 878 2235 ad
896 2175 1040 2248 iniuriam,
1057 2178 1139 2259 quod

134 2271 185 2350 qui
211 2284 388 2347 recusarent,
416 2273 550 2352 quamvis
584 2274 708 2334 honeste
735 2271 768 2332 id
800 2274 938 2346 facerent,
967 2271 1012 2332 ius
1039 2284 1139 2333 tamen

134 2370 279 2440 amicitiae
294 2374 429 2433 deserere
443 2382 630 2449 arguerentur
641 2373 678 2432 ab
690 2371 741 2445 eis,
753 2371 859 2447 quibus
873 2370 997 2446 obsequi
1011 2371 1123 2430 nollent
1129 2392 1138 2442 3

132 2465 199 2527 illos
212 2478 322 2551 autem,
334 2467 385 2544 qui
396 2467 511 2545 quidvis
526 2469 564 2528 ab
578 2468 675 2527 amico
687 2468 828 2528 auderent
839 2469 997 2543 postulare,
1010 2468 1136 2543 postula—

132 2563 213 2625 tione
227 2563 291 2641 ipsa
301 2563 430 2640 profiteri
441 2562 542 2623 omnia
556 2582 587 2623 se
598 2563 685 2622 amici
694 2581 783 2622 causa
794 2581 858 2623 esse
868 2563 1002 2622 facturos.
1025 2564 1136 2621 Eorum

85 2688 117 2728 ,ος
131 2661 261 2737 querella
273 2660 434 2721 inveterata
452 2679 514 2720 non
529 2661 621 2720 modo
642 2658 852 2742 familiaritates
867 2658 1010 2739 exstingui
1032 2661 1134 2730 solere,

132 2757 186 2816 sed
200 2755 289 2816 etiam
303 2754 373 2816 odia
389 2755 470 2833 gigni
484 2756 669 2833 sempiterna
712 2757 801 2815 Haec
819 2753 860 2813 ita
873 2755 966 2814 multa
980 2753 1064 2830 quasi
1076 2755 1136 2813 fata

132 2852 303 2929 impendere
324 2850 468 2925 amicitiis,
483 2863 517 2913 ut
539 2851 641 2913 omnia
659 2852 858 2928 subterfugere
874 2871 936 2911 uon
952 2851 1044 2911 modo
1061 2850 1133 2926 sapi-

131 2948 236 3022 entiae,
252 2949 305 3009 sed
319 2948 408 3009 etiam
421 2947 567 3009 felicitatis
581 2950 692 3010 diceret
706 2947 762 3009 sibi
775 2947 876 3009 videri.

190 3046 245 3104 XI.
289 3045 387 3120 Quam
402 3046 514 3105 obrem
535 3044 568 3105 id
581 3044 709 3122 primum
722 3044 884 3114 videamus,
901 3043 925 3103 si
944 3044 1048 3121 placet,
1063 3063 1133 3120 qua·
1147 3044 1184 3102 36

91 3168 117 3209 3ο
130 3150 216 3199 tenus
229 3159 312 3199 amor
330 3140 361 3200 in
381 3139 510 3201 amicitia
530 3140 666 3219 progredi
687 3142 801 3201 debeat.
844 3143 973 3213 Numne,
989 3139 1014 3200 si
1033 3139 1133 3201 Corio

130 3236 216 3294 lanus
241 3234 344 3296 habuit
365 3234 486 3309 amicos
509 3237 583 3297 ferre
605 3247 708 3296 contra
735 3234 858 3313 patriam
886 3255 966 3306 arma
992 3233 1035 3294 illi
1062 3254 1132 3294 cum

131 3330 291 3394 Coriolano
306 3333 493 3394 debuerunt?
523 3335 605 3393 Num
616 3332 802 3394 Vecellinum
815 3329 902 3393 amici
911 3349 1034 3408 regnum
1044 3350 1132 3407 appe·

130 3442 252 3502 tentem,
267 3449 339 3489 num
355 3432 499 3491 Maelium
513 3431 678 3493 debuerunt
692 3429 813 3491 iuvare?
846 3426 999 3488 Tiberium
1008 3426 1130 3503 quidem
1145 3427 1183 3485 ³?
