2476 3824
146 208 184 280 4⁶
504 208 507 214 ·
541 205 742 269 Murrus
1009 203 1097 286 [xvr
1113 176 1169 282 5⁶⁴

144 348 179 394 ut
199 343 301 396 nostra
321 333 354 395 in
370 331 485 396 amicos
502 333 712 396 benevolentia
728 332 847 395 illorum
863 353 933 412 erga
950 352 1006 394 nos
1024 335 1153 395 benevo

144 429 254 492 lentiae
266 428 375 508 pariter
392 428 614 507 aequaliterque
633 430 829 507 respondeat3
849 433 975 504 tertiam,
990 440 1032 505 ut,
1047 430 1152 507 quanti

93 525 272 602 utquisque
294 546 327 587 se
346 525 411 603 ipse
431 527 510 600 facit,
532 525 608 587 tanti
629 527 682 587 fiat
703 528 743 589 ab
763 526 875 588 amicis.
918 517 1036 587 Harum
1062 528 1152 588 trium

145 623 358 684 sententiarum
375 623 449 684 nulli
465 643 585 701 prorsus
606 623 759 684 assentior.
801 626 867 684 Nec
887 623 968 684 enim
988 623 1038 682 illa
1057 623 1153 700 prima

144 739 214 782 vera
233 731 287 795 est,
301 730 344 796 ut,
358 740 448 798 quem
469 721 650 782 admodum
669 719 701 781 in
717 739 750 781 se
766 719 901 798 quisque,
917 719 1006 782 sicin
1023 721 1152 781 amicum
1180 751 1192 790 5

145 817 183 878 sit
190 817 346 880 animatus.
368 820 467 896 Quam
478 820 572 879 multa
585 817 673 890 enim,
685 836 763 895 quae
776 828 877 878 nostra
889 837 979 878 causa
988 836 1152 895 numquam

144 916 316 990 laceremus,
341 916 468 976 facimus
489 934 579 976 causa
600 914 782 976 amicorum!
823 915 941 975 Precari
958 915 998 974 ab
1018 913 1150 992 indigne,

145 1014 321 1091 supplicare,
348 1024 413 1074 tum
440 1013 576 1075 acerbius
603 1013 635 1073 in
662 1012 793 1090 aliquem
826 1012 926 1074 invehi
954 1012 1152 1091 insectarique

144 1110 357 1187 vehementius,
373 1111 495 1189 quaein
509 1110 617 1172 nostris
631 1111 717 1172 rebus
731 1131 794 1172 non
805 1110 875 1172 satis
889 1111 1022 1184 honeste,
1038 1108 1069 1170 in
1083 1111 1153 1171 arni-

145 1226 249 1268 corum
267 1210 342 1268 fiunt
360 1207 589 1284 honestissime3
609 1210 779 1285 multaeque
791 1227 838 1268 res
853 1219 930 1281 sunt,
945 1206 976 1266 in
993 1208 1101 1285 quibus
1116 1210 1154 1270 de
1169 1241 1193 1269 ιο

145 1301 205 1361 suis
225 1300 392 1363 commodis
411 1301 466 1363 viri
485 1302 559 1363 boni
586 1304 680 1362 multa
700 1302 858 1362 detrahunt
882 1301 1056 1378 detrahique
1080 1302 1154 1378 pati-

93 1395 131 1456 58
145 1407 242 1472 untur,
262 1408 295 1458 ut
317 1396 359 1458 eis
378 1396 468 1457 amici
485 1397 586 1475 potius
605 1417 695 1475 quarn
715 1396 772 1475 ipsi
787 1397 927 1457 fruantur.
970 1399 1072 1457 Altera
1089 1417 1153 1457 sen·

145 1491 239 1552 tentia
252 1503 305 1568 est,
317 1513 394 1570 quae
408 1493 513 1554 definit
527 1492 689 1555 amicitiam
702 1495 821 1571 paribus
832 1494 934 1555 officiis
949 1513 984 1553 ac
998 1493 1153 1554 voluntati-

145 1593 210 1651 bus.
252 1593 325 1652 Hoc
344 1591 467 1668 quidem
480 1603 531 1674 ‚est
549 1591 637 1653 nimis
659 1592 764 1670 exigue
781 1603 811 1653 et
831 1592 945 1653 exiliter
963 1594 1003 1654 ad
1023 1595 1153 1654 calculos

145 1709 253 1750 vocare
273 1689 442 1765 amicitiam,
465 1701 499 1751 ut
518 1710 572 1768 par
592 1689 630 1751 sit
649 1689 724 1752 ratio
744 1701 936 1767 acceptorum
957 1701 987 1752 et
1008 1691 1152 1751 datomm.
1169 1722 1193 1760 15

147 1786 276 1849 Divitior
295 1789 368 1848 mihi
389 1799 420 1849 et
439 1786 607 1849 affluentior
625 1787 743 1849 videtur
763 1808 828 1849 esse
851 1807 919 1849 vera
939 1786 1070 1849 amicitia
1097 1808 1153 1849 nec

147 1886 306 1947 observare
325 1884 459 1947 restricte
480 1905 519 1947 ne
539 1888 605 1963 plus
625 1886 731 1947 reddat
752 1905 843 1963 quarn
863 1885 1025 1962 acceperit:
1055 1905 1154 1962 neque

146 1982 227 2041 enim
245 1985 408 2044 verendum
428 1984 473 2044 est
492 2002 530 2043 ne
549 1982 623 2060 quid
644 1982 762 2043 excidat
778 1992 829 2043 aut
848 2001 887 2042 ne
906 1981 979 2058 quid
997 1981 1028 2041 in
1046 1993 1154 2042 terram

147 2079 257 2138 defluat
279 2090 330 2139 aut
352 2098 392 2139 ne
412 2080 479 2156 plus
503 2098 600 2156 aequo
625 2078 697 2156 quid
724 2078 756 2138 in
783 2077 944 2138 amicitiam
971 2072 1152 2155 congeratur.

95 2171 133 2232 59
149 2173 267 2234 Tertius
281 2195 351 2235 vero
366 2174 417 2234 ille
431 2173 497 2234 finis
520 2174 703 2250 deterrimus
720 2185 762 2248 ut,
778 2173 881 2251 quanti
899 2173 1024 2251 quisque
1043 2192 1075 2234 se
1091 2173 1155 2250 ipse
1169 2205 1195 2233 20

146 2267 244 2343 faciat,
267 2271 341 2330 tanti
359 2271 411 2329 fiat
429 2271 468 2330 ab
487 2269 598 2329 amicis.
642 2272 737 2348 Saepe
756 2269 836 2331 enim
857 2269 889 2329 in
907 2268 1087 2346 quibusdam
1103 2281 1153 2330 aut

148 2365 265 2428 animus
279 2366 422 2428 abiectior
436 2378 481 2427 est
494 2378 545 2428 aut
559 2387 627 2445 spes
635 2365 861 2444 amplificandae
874 2367 1011 2426 fortunae
1025 2365 1153 2429 fractior.

149 2470 220 2527 Non
235 2477 281 2527 est
294 2466 381 2544 igitur
395 2465 484 2527 amici
498 2469 588 2527 talem
605 2486 671 2528 esse
689 2465 720 2526 in
735 2485 813 2539 eum,
830 2465 925 2542 qualis
939 2465 988 2525 ille
1001 2463 1033 2524 in
1053 2483 1085 2525 se
1099 2475 1153 2538 est,

148 2568 203 2628 sed
215 2566 314 2643 potius
328 2563 401 2625 eniti
414 2575 444 2625 et
455 2565 579 2637 efficere,
591 2575 624 2624 ut
637 2562 725 2623 amici
739 2561 885 2623 iacentem
899 2561 1032 2621 animum
1046 2561 1154 2622 excitet

149 2664 333 2740 inducatque
355 2682 439 2739 spem
456 2661 728 2739 cogitationemque
751 2659 915 2721 meliorem.
957 2659 1042 2718 Alius
1070 2658 1157 2735 igitur
1169 2689 1194 2726 25

147 2761 213 2821 finis
226 2779 313 2822 verae
326 2759 474 2819 amicitiae
489 2759 713 2819 constituendus
727 2768 780 2831 est,
796 2756 821 2817 si
835 2755 924 2834 prius,
939 2754 1012 2833 quid
1026 2756 1154 2817 maxime

147 2857 362 2934 reprehendere
390 2855 490 2933 Scipio
518 2855 621 2915 solitus
650 2854 695 2929 sit,
724 2854 836 2915 dixero.
891 2854 1029 2929 Negabat
1064 2854 1154 2913 ullam

147 2973 253 3015 vocem
275 2952 470 3014 inimiciorem
492 2952 640 3013 amicitiae
667 2952 801 3029 potuisse
822 2948 942 3027 reperiri
966 2968 1056 3026 quam
1081 2951 1172 3024 eius,-

148 3050 199 3127 qui
213 3049 335 3110 dixisset
349 3050 391 3109 ita
404 3068 503 3110 amare
517 3060 662 3126 oportere,
677 3058 710 3109 ut
724 3047 749 3109 si
763 3047 926 3125 aliquando
940 3059 1018 3107 esset
1032 3067 1155 3123 osurus3

147 3167 205 3208 nec
217 3167 287 3208 vero
302 3167 334 3208 se
347 3142 461 3206 adduci
468 3165 564 3222 posse,
580 3156 612 3206 ut
626 3147 692 3219 hoc,
703 3164 792 3222 quem
806 3145 845 3205 ad
858 3143 982 3204 modum
995 3155 1154 3221 putaretur,
1170 3177 1199 3214 30-

147 3264 166 3304 a
180 3244 286 3305 Biante
299 3264 364 3305 esse
378 3243 490 3304 dictum
504 3243 645 3316 crederet,
657 3241 708 3320 qui
722 3240 840 3318 sapiens
853 3239 972 3301 habitus
987 3252 1065 3302 esset
1077 3261 1154 3301 unus

149 3360 166 3400 e
180 3350 295 3415 septem
300 3363 309 3415 ;
330 3339 437 3417 impuri
448 3338 601 3399 cuiusdam
615 3341 666 3400 'aut
680 3336 830 3398 ambitiosi
840 3347 891 3397 aut
902 3337 1003 3398 omnia
1015 3338 1055 3398 ad
1070 3357 1154 3397 suam

134 3435 309 3506 potentiam
322 3434 490 3497 revocantis
505 3454 569 3496 esse
583 3433 769 3497 sententiam.
813 3435 954 3512 Quonam
967 3433 1047 3496 enim
1062 3434 1154 3494 modo
