2476 3824
32 307 34 310 Α
105 227 182 287 >du
199 221 249 306 76]
389 263 391 275 .
451 229 519 288 aa
544 227 769 291 AMICITIA.
1070 249 1105 310 51

105 374 197 433 opera
223 354 343 416 levandi
370 355 457 416 suni:
475 356 620 416 'Tantum
646 368 748 418 autem
775 356 884 436 cuique
909 356 1107 433 tribuendum,
1124 360 1162 419 73

105 450 232 527 primurn
248 463 393 529 quantum
411 452 475 529 ipse
489 454 604 514 efficere
617 453 723 530 possis,
739 454 849 515 deinde
863 455 952 515 etiam
966 465 1110 532 quantum

105 547 164 620 ille,
180 566 271 623 quem
285 546 392 624 diligas
406 558 496 625 atque
510 548 640 622 adiuves,
657 546 808 611 sustinere.
832 553 904 611 Non
918 551 998 611 enim
1012 570 1111 628 neque

104 652 138 703 tu
150 643 255 721 possis,
271 644 406 723 quamvis
420 648 555 718 excellas,
570 647 667 708 omnis
687 658 756 707 tuos
774 649 814 708 ad
827 649 955 709 honores
969 647 1111 725 amplissi-

78 761 170 812 ⁵mos
198 745 370 820 perducere,
398 755 431 804 ut
459 743 559 823 Scipio
587 748 620 806 P.
650 744 805 822 Rupilium
831 746 928 823 potuit
956 747 1110 807 consulem

105 841 230 914 efficere,
253 842 371 901 fratrem
393 841 457 901 eius
481 841 607 901 Lucium
629 861 691 902 non
712 841 819 919 potuit
862 845 954 919 Quod
976 843 1001 904 si
1020 842 1109 904 etiam

47 981 48 984 ,
104 934 201 1013 possis
215 936 331 1013 quidvis
345 938 459 998 deferre
473 939 513 997 ad
527 939 660 1010 alterum,
675 937 839 999 videndum
862 949 907 999 est
923 949 1023 999 tamen
1037 939 1109 1016 quid
1147 940 1155 991 ᾗ

105 1032 154 1092 ille
168 1033 262 1109 possit
276 1032 427 1093 sustinere.
451 1032 584 1095 Omnino
598 1033 744 1094 amicitiae
758 1035 955 1095 corroboratis
968 1035 1027 1094 iam
1041 1054 1111 1095 cons
1123 1033 1162 1094 74

104 1128 287 1206 firmatisque
303 1141 333 1190 et
349 1129 474 1207 ingeniis
494 1142 523 1190 et
542 1129 688 1190 aetatibus
709 1129 887 1192 iudicandae
906 1143 982 1202 sunt,
1000 1151 1064 1205 nec,
1084 1130 1110 1192 si

62 1256 92 1284 ,ιο
105 1225 156 1301 qui
176 1225 297 1287 ineunte
318 1237 414 1287 aetate
433 1227 563 1288 venandi
583 1237 634 1288 aut
657 1228 735 1304 pilae
759 1228 884 1290 studiosi
907 1231 1032 1304 fuerunt,
1057 1248 1109 1289 eos

105 1325 215 1384 habere
248 1323 440 1397 necessarios,
477 1343 553 1401 quos
588 1335 651 1384 tum
687 1325 796 1384 eodem
831 1325 930 1386 studio
960 1325 1109 1403 praeditos

106 1419 276 1480 dilexerunt
321 1400 493 1480 Isto'enim
520 1421 612 1479 modo
640 1420 769 1480 nutrices
797 1432 827 1481 et
853 1422 1020 1499 paedagogi
1047 1422 1110 1481 iure

105 1517 258 1578 vetustatis
272 1517 432 1594 plurimum
446 1516 673 1577 benevolentiae
693 1520 896 1595 postulabunt.
939 1518 1000 1595 Qui
1013 1521 1111 1596 negle-

103 1613 194 1689 gendi
208 1612 330 1690 quidem
344 1632 406 1672 non
421 1621 497 1683 sunt,
520 1612 573 1672 sed
587 1612 646 1671 alio
661 1615 793 1690 quodam
808 1614 900 1674 modo
917 1612 1108 1674 aestimandi:

67 1739 90 1779 ιε
103 1711 188 1773 aliter
202 1711 355 1771 amicitiae
382 1710 502 1770 stabiles
522 1729 695 1786 permanere
715 1730 778 1770 non
798 1720 931 1788 possunt.
975 1707 1108 1785 Disparis

105 1795 186 1871 eniln
200 1827 298 1868 mores
315 1807 444 1884 disparia
464 1806 563 1866 studia
584 1816 732 1880 secuntur,
752 1826 878 1883 quorum
897 1805 1108 1866 dissimilitudo

106 1903 247 1964 dissociat
257 1901 409 1975 amicitias,
419 1922 476 1963 nec
490 1903 530 1962 ob
541 1901 629 1960 aliam
644 1921 763 1962 causam
776 1902 866 1960 ullam
874 1899 947 1960 boni
957 1899 1107 1976 improbis,

102 1998 236 2076 improbi
255 1998 343 2059 bonis
363 1997 451 2063 amici
471 2018 537 2059 esse
555 2017 618 2057 non
636 2008 770 2074 possunt,
786 1995 842 2056 nisi
856 1996 939 2073 quod
960 2006 1043 2056 tanta
1063 2007 1109 2057 est

70 2092 72 2096 ’
100 2095 182 2156 inter
203 2115 263 2168 eos
278 2105 390 2172 quanta
408 2093 537 2154 maxima
554 2103 655 2171 potest
668 2113 741 2166 esse,
754 2112 874 2153 morum
883 2092 1108 2169 studiorumque
1185 2122 1188 2128 ·

59 2225 92 2254 ,ω
103 2192 249 2255 distantia.
293 2194 389 2252 Recte
410 2191 499 2254 etiam
519 2190 651 2269 praecipi
670 2201 770 2268 potest
790 2191 821 2250 in
841 2189 986 2265 amicitiis,
1007 2209 1047 2250 ne
1067 2190 1109 2250 in·
1122 2190 1160 2250 75

60 2337 62 2343 .
106 2299 268 2366 temperata
281 2289 428 2366 quaedam
442 2288 657 2360 benevolentia,
670 2288 752 2364 quod
763 2307 904 2364 persaepe
912 2289 954 2362 fit,
965 2286 1109 2364 impediat

105 2404 226 2463 magnas
239 2384 380 2444 utilitates
390 2382 561 2446 amicorum.
584 2385 650 2443 Nee
663 2383 751 2455 enim,
763 2394 796 2443 ut
809 2384 848 2442 ad
858 2385 971 2443 fabulas
979 2383 1107 2456 redeam,

105 2481 227 2542 Troiam
241 2481 460 2557 Neoptolemus
474 2499 579 2556 capere
595 2478 749 2556 potuisset,
765 2480 790 2538 si
811 2479 1013 2556 Lycomeden,
1028 2480 1108 2555 apud

105 2598 195 2656 quem
214 2588 277 2638 erat
294 2579 446 2650 educatus,
460 2577 561 2640 multis
578 2597 646 2636 cum
664 2577 792 2636 lacrimis
812 2575 868 2636 iter
886 2595 972 2635 suum
985 2575 1109 2652 impedi-

66 2706 91 2744 25
103 2687 204 2737 entem
220 2674 323 2735 audire
341 2676 488 2735 voluisset
532 2677 571 2734 Et
592 2693 680 2750 saepe
699 2674 836 2733 incidunt
856 2692 981 2748 magnae
1001 2691 1055 2744 res,
1076 2681 1109 2731 ut

105 2772 322 2832 discedendum
343 2771 381 2832 sit
400 2773 439 2830 ab
460 2769 575 2830 amicis:
597 2791 670 2848 quas
690 2771 741 2847 qui
769 2769 913 2847 impedire
933 2770 1003 2844 volt,
1026 2768 1109 2844 quod

106 2870 284 2930 desiderium
298 2889 360 2929 non
374 2868 458 2928 facile
471 2870 552 2941 ierat,
562 2869 587 2928 is
602 2878 632 2927 et
645 2868 776 2928 infirmus
786 2879 830 2928 est
839 2866 994 2944 mollisque
1005 2877 1110 2926 natura

107 2977 137 3026 et
150 2968 191 3026 ob
205 2986 271 3026 eam
285 2965 378 3042 ipsam
394 2984 513 3024 causam
527 2965 558 3022 in
571 2963 700 3023 amicitia
713 2983 817 3040 parum
831 2963 932 3024 iustus.
963 2965 1064 3040 Atque
1077 2961 1107 3022 in
1123 2964 1160 3023 76

106 3063 189 3124 omni
199 3082 230 3123 re
244 3063 496 3123 considerandum
507 3071 560 3133 est,
571 3071 601 3120 et
615 3059 686 3137 quid
696 3061 828 3137 postules
839 3061 878 3120 ab
888 3059 986 3120 amico
998 3058 1109 3136 etquid

66 3194 92 3232 ,ο
105 3160 216 3239 patiare
230 3168 288 3219 ate
301 3157 458 3235 impetrari

166 3255 252 3312 XXI.
295 3255 349 3312 Est
366 3251 456 3312 etiam
475 3251 624 3328 quaedam
642 3249 793 3311 calamitas
809 3250 841 3311 in
861 3251 997 3312 amicitiis
1013 3250 1109 3312 dimit-

105 3350 203 3412 tendis
230 3368 292 3409 non
318 3368 482 3425 numquam
503 3346 683 3408 necessaria:
712 3347 771 3408 iam
793 3349 875 3408 enim
896 3369 915 3408 a
942 3348 1108 3426 sapientum

105 3443 349 3506 familiaritatibus
368 3447 406 3504 ad
426 3444 553 3522 volgaris
570 3442 713 3504 amicitias
731 3443 826 3506 oratio
840 3456 945 3505 nostra
954 3445 1121 3502 delab'xsm.

917 3572 921 3574 ,
996 3549 1080 3601 „2
