2476 3824
118 205 205 290 119]
456 210 525 270 Da
551 210 776 272 AMICITIA.
1086 234 1123 290 29

119 335 173 395 sed
193 346 316 412 uterque
339 335 401 396 alio
419 336 550 413 quodam
569 337 671 410 modo,
692 336 805 398 Acilius
825 337 895 414 quia
911 339 1047 415 prudens
1059 361 1124 400 esse

118 429 151 491 in
171 429 235 491 iure
258 431 335 491 civili
356 433 525 508 putabatur,
548 433 626 493 Cato
651 431 721 508 quia
742 435 900 492 multarum
921 455 1017 495 rerum
1036 456 1123 496 usum

117 527 247 589 habebat
262 539 291 588 et
302 530 394 589 multa
407 527 471 588 eius
489 528 561 589 etin
580 540 686 588 senatu
699 541 728 590 et
742 528 774 588 in
787 532 852 590 foro
865 533 912 591 vel
927 532 1043 608 provisa
1056 554 1123 610 pru·

118 625 223 686 denter
230 627 277 685 vel
285 637 351 684 acta
360 637 530 687 constanter
537 627 584 686 vel
598 646 741 702 responsa
750 639 837 688 acute
850 630 1025 705 ferebantur,
1038 650 1123 708 prop

96 734 199 803 sterea
220 723 304 799 quasi
327 742 495 800 cognomen
518 722 578 783 iam
599 723 728 784 habebat
748 724 779 784 in
800 736 952 786 senectute
972 727 1120 804 sapientis.

118 821 165 880 Te
178 831 278 880 autem
299 819 357 878 alio
371 821 504 896 quodam
522 820 617 880 modo
629 839 691 879 non
706 822 804 880 solum
817 833 922 880 natura
936 833 966 882 et
979 824 1119 897 moribus,
1136 828 1153 884 7

117 916 330 977 verumetiam
351 916 450 977 studio
471 928 501 977 et
522 917 658 977 doctrina
678 937 744 977 esse
772 917 944 994 sapientem,
966 939 1022 980 nec
1050 921 1125 981 sicut

117 1015 231 1090 volgus,
244 1015 297 1074 sed
318 1024 351 1073 ut
367 1013 474 1073 eruditi
489 1013 586 1074 solent
604 1015 753 1090 appellare
768 1014 940 1091 sapientem,
956 1018 1074 1092 qualem
1089 1020 1120 1078 in

116 1109 242 1170 Graecia
254 1107 369 1184 reliqua
382 1107 644 1168 neminem—nam
659 1109 710 1185 qui
732 1120 846 1186 septem
859 1112 1052 1186 appellantur,
1068 1133 1119 1174 eos

75 1237 102 1266 ιο
115 1205 166 1282 qui
180 1205 236 1266 ista
249 1205 388 1265 subtilius
403 1217 549 1282 quaerunt
563 1205 594 1265 in
611 1225 737 1267 numero
752 1207 918 1284 sapientum
933 1229 994 1269 non
1008 1211 1119 1271 habent

114 1302 282 1363 -Athenis
315 1322 410 1361 unum
442 1302 611 1379 accepimus
649 1315 679 1364 et
713 1324 782 1364 eum
816 1304 938 1381 quidem
971 1308 1119 1383 Apollinis

116 1401 237 1461 oraculo
248 1398 496 1476 sapientissimum
504 1399 682 1460 iudicatum:
696 1402 774 1460 hanc
784 1420 850 1462 esse
860 1402 892 1462 in
903 1414 932 1464 te
943 1405 1118 1482 sapientiam

116 1497 291 1572 existimant,
307 1509 340 1558 ut
354 1497 455 1558 omnia
468 1509 519 1558 tua
532 1497 563 1557 in
576 1510 606 1558 te
619 1498 716 1575 posita
730 1518 794 1559 esse
809 1500 899 1560 ducas
913 1502 1118 1579 humanosque

114 1616 200 1658 casus
213 1599 319 1659 virtute
334 1597 487 1656 inferiores
500 1607 594 1673 putes.
625 1598 732 1674 Itaque
746 1617 783 1657 ex
797 1617 845 1657 me
860 1610 1012 1674 quaerunt,
1028 1601 1117 1659 credo

75 1727 98 1764 ιε
113 1716 150 1757 ex
162 1697 221 1757 hoc
237 1696 310 1756 item
331 1695 483 1768 Scaevola,
499 1713 630 1771 quonam
646 1705 735 1771 pacto
749 1706 876 1754 mortem
889 1695 1019 1754 Africani
1032 1698 1114 1768 feras,
1136 1764 1139 1770 ,

114 1812 212 1868 eoque
227 1791 320 1868 magis
337 1791 420 1868 quod
438 1789 581 1868 proximis
597 1789 702 1863 NoniS,
719 1809 788 1849 cum
807 1790 837 1849 in
854 1792 956 1851 hortos
976 1793 1013 1850 D.
1035 1793 1116 1851 Bruti

113 1888 230 1965 auguris
249 1886 471 1949 commentandi
490 1905 587 1958 causa,
603 1896 634 1944 ut
654 1887 771 1958 assolet,
793 1885 983 1959 venissemus,
1002 1896 1035 1945 tu
1053 1907 1116 1946 non

113 1984 231 2059 affuisti,
246 1985 297 2061 qui
312 1983 534 2062 diligentissime
549 2001 665 2059 semper
678 1982 761 2042 illum
781 1981 862 2042 diem
877 1992 906 2042 et
920 1983 992 2043 illud
1007 2003 1115 2044 munus

113 2081 218 2141 solitus
231 2101 309 2142 esses
323 2082 416 2142 obire.

70 2215 97 2242 ,ο
172 2184 341 2242 Scnnvom.
384 2184 539 2257 Quaemnt
553 2179 683 2258 quidem,
696 2183 730 2243 C.
744 2179 835 2254 Laeli,
846 2182 981 2253 multum,
992 2191 1026 2242 ut
1040 2193 1083 2242 est
1097 2202 1114 2242 a
1129 2183 1147 2241 8

111 2281 226 2341 Fannio
241 2281 363 2355 dictum,
379 2283 432 2341 sed
445 2300 502 2357 ego
515 2279 547 2339 id
560 2283 736 2357 respondeo,
752 2281 834 2356 quod
847 2280 979 2339 animum
993 2280 1112 2353 adverti,

109 2387 140 2437 te
158 2378 294 2437 dolorem
313 2395 403 2454 quem
421 2376 570 2454 acceperis
588 2397 657 2435 cum
672 2375 779 2436 summi
792 2375 847 2436 viri
861 2387 925 2436 tum
944 2375 1113 2435 amicissimi

108 2486 204 2535 morte
227 2476 301 2534 ferre
325 2474 477 2534 moderate
489 2493 499 2547 3
528 2493 586 2534 nec
607 2474 739 2550 potuisse
763 2493 825 2533 non
846 2473 1034 2547 commoveri,
1057 2494 1113 2534 nec

107 2571 197 2630 fuisse
217 2569 248 2629 id
269 2569 462 2630 humanitatis
482 2580 568 2630 tuae:
590 2571 673 2646 quod
693 2581 792 2630 autem
814 2569 911 2627 Nonis
932 2567 963 2627 in
985 2569 1110 2644 collegio

69 2697 93 2734 ις
107 2679 209 2728 nostro
233 2687 295 2727 non
318 2664 460 2740 affuisses,
483 2666 684 2727 valetudinem
708 2667 875 2744 respondeo
899 2686 1026 2740 causam,
1050 2687 1111 2726 non

106 2763 283 2824 maestitiam
297 2762 395 2823 fuisse.

166 2861 313 2918 Lamus.
357 2860 453 2919 Recte
465 2869 497 2918 tu
505 2859 637 2935 quidem,
653 2861 801 2933 Scaevola,
815 2871 844 2921 et
858 2882 938 2922 vere:
959 2881 1017 2921 nec
1030 2861 1110 2922 enim

108 2953 147 3012 ab
165 2952 221 3013 isto
241 2952 348 3028 officio,
366 2956 448 3031 quod
470 2975 587 3032 semper
606 2955 744 3032 usurpavi
762 2976 831 3015 cum
850 2959 988 3030 valerem,
1003 2957 1111 3017 abduci

108 3047 301 3110 incommodo
314 3069 383 3111 meo
398 3051 498 3125 debui,
513 3071 570 3112 nec
582 3054 644 3112 ullo
663 3072 733 3112 casu
749 3053 873 3114 arbitror
887 3055 946 3114 hoc
963 3056 1110 3114 constanti

66 3175 92 3214 30
105 3143 219 3205 homini
232 3165 320 3222 posse
337 3146 518 3224 contingere,
533 3160 565 3209 ut
576 3150 644 3208 -ulla
662 3148 839 3209 intermissio
857 3151 908 3208 fiat
928 3148 1014 3209 offici.
1057 3153 1104 3210 Tu
1120 3154 1137 3210 9

10 3257 12 3266 ¹
104 3252 214 3314 autem,
233 3243 337 3315 Fanni,
356 3245 438 3321 quod
457 3244 530 3304 mihi
547 3256 662 3305 tantum
684 3245 773 3306 tribui
790 3246 873 3320 dicis,
893 3258 1035 3324 quantum
1052 3268 1108 3326 ego

104 3356 161 3398 nec
183 3357 313 3415 agnosco
334 3359 390 3399 nec
408 3342 535 3417 postulo,
551 3341 621 3401 facis
642 3341 745 3416 amice,
769 3343 830 3415 sed,
845 3353 879 3401 ut
899 3342 971 3401 mihi
992 3343 1106 3417 videris,

104 3454 164 3496 non
182 3447 263 3496 recte
277 3435 391 3518 iudicas
405 3439 443 3498 de
459 3439 583 3500 Catone.
605 3440 667 3500 Aut
682 3438 760 3499 enim
776 3458 873 3514 nemo,
890 3441 971 3516 quod
986 3441 1112 3518 quidem
