2476 3824
77 212 215 306 trip]
420 217 737 286 DEsAMICITIA.
837 217 840 223 ⁴
1044 241 1087 298 ψ

78 358 149 412 tum
163 365 202 415 -et
226 354 351 432 rogare?
391 354 432 412 At
459 372 530 414 vero
557 348 604 413 Ti.
634 353 803 414 Gracchum
830 346 1031 431 sequebantur
1054 357 1089 416 C.

76 451 193 522 :Carb0,
214 454 256 512 C.'
271 454 357 525 Cat0,
376 438 406 511 et
423 441 546 510 minime
564 461 628 510 tum
647 451 769 526 quidem
788 449 881 510 Gaius
895 451 997 525 ¹frater,
1011 447 1092 510 nunc

84 542 165 612 idem
175 543 344 606 acerrimus.
498 540 502 547 “
766 544 768 598 s
842 565 844 570 ·

97 641 99 644 ⁴
143 644 218 702 XII.
263 645 352 703 Haec
376 641 463 721 igitur
486 643 588 704 lexin
612 644 743 704 amicitia
765 643 919 718 sanciatur,
942 656 976 705 ut
994 665 1091 722 neque
1105 645 1145 705 40

35 763 38 780 τ
65 753 224 812 erogemus
237 756 285 796 res
298 735 393 813 turpis
412 755 469 796 nec
485 735 627 798 faciamus
641 737 743 814 rogati.
786 737 895 814 Turpis
914 737 994 797 enim
1008 758 1093 798 excu-

78 833 160 893 satio
175 845 219 894 est
233 845 263 894 et
277 834 401 894 minime
421 834 597 911 accipienda
615 854 683 893 cum
704 834 736 893 in
753 833 857 894 ceteris
875 834 1014 911 peccatis
1028 844 1094 894 tum

77 931 109 991 *si
124 933 190 1009 quis
206 945 309 994 contra
322 955 386 995 rem
400 934 556 1011 publicam,
566 955 599 994 se
618 933 706 994 amici
724 952 814 994 causa
832 933 937 994 fecisse
957 936 1092 994 fateatur.

85 1031 204 1091 Etenim
219 1052 255 1092 eo
269 1035 347 1106 loco,
360 1025 456 1092 Fanni
471 1043 501 1093 et
515 1034 664 1106 Scaevola,
677 1033 767 1093 locati
776 1052 886 1107 sumus,
893 1043 929 1092 ut
937 1053 992 1092 nos
1003 1034 1091 1110 longe

76 1126 252 1203 'prospicere
266 1139 401 1205 oporteat
414 1125 528 1189 futuros
542 1149 630 1189 casus
642 1129 684 1188 rei
697 1127 844 1206 publicae.
888 1127 1017 1188 Deflexit
1030 1128 1090 1188 iam

44 1254 69 1280 ιο
82 1222 300 1299 aliquantulum
322 1226 361 1284 de
383 1224 479 1301 spatio
502 1225 706 1308 curriculoque
728 1225 916 1285 consuetudo
936 1223 1087 1284 maiorum.
1120 1273 1121 1276 η

83 1318 129 1380 Ti.
149 1322 303 1380 Gracchus
320 1342 444 1398 regnum
464 1343 611 1399 occupare
632 1332 758 1382 conatus
778 1332 832 1396 est,
850 1323 898 1381 vel
915 1320 1047 1398 regnavit
1065 1321 1089 1381 is
1104 1320 1141 1379 41

78 1417 203 1493 quidem
218 1438 329 1495 paucos
341 1439 466 1479 menses.
496 1423 579 1480 Num
596 1418 668 1497 quid
684 1419 778 1479 simile
792 1421 920 1495 populus
934 1420 1090 1478 Romanus

79 1512 213 1572 audierat
228 1524 279 1572 aut
292 1513 428 1574 viderat?
457 1517 554 1574 Hunc
566 1513 658 1575 etiam
672 1525 741 1591 post
754 1525 881 1574 mortem
896 1514 989 1573 secuti
1002 1513 1090 1573 amici

78 1617 113 1666 et
126 1607 286 1684 propinqui
301 1609 374 1685 quid
388 1609 420 1668 in
434 1611 467 1669 P.
483 1610 622 1688 Scipione
636 1609 794 1682 effecerint,
810 1609 874 1669 sine
888 1608 1014 1668 lacrimis
1028 1626 1090 1668 non

36 1723 159 1779 ·15-=queo
174 1704 280 1765 dicere.
324 1709 404 1765 Nam
419 1709 599 1780 Carbonem,
615 1726 805 1784 quocumque
824 1709 916 1767 modo
929 1707 1089 1784 potuimus

77 1812 202 1878 propter
215 1815 365 1863 recentem
386 1824 521 1881 poenam.
534 1805 581 1865 Ti.
597 1803 725 1865 Gracchi
746 1802 946 1863 sustinuimus
990 1805 1039 1874 De
1053 1805 1088 1889 C.

75 1899 210 1958 Gracchi
224 1911 324 1960 autem
339 1900 490 1961 tribunatu
505 1901 578 1978 quid
593 1911 763 1977 exspectem
776 1919 839 1960 non
854 1900 926 1959 libet
940 1899 1089 1975 augurari:
1126 1957 1129 1961 ,

77 1995 172 2073 serpit
193 1997 303 2056 deinde
323 2017 378 2070 reS,
397 2017 475 2074 quae
495 1997 634 2073 proclivis
655 1998 695 2057 ad
715 1995 885 2073 pemiciem‚
907 2002 982 2054 cum⁴
997 1996 1090 2059 semel

79 2091 188 2168 coepit,
204 2091 320 2154 labitur.
363 2095 480 2154 Videtis
495 2094 527 2170 in
546 2096 656 2154 tabella
670 2093 730 2152 iam
744 2103 815 2153 ante
829 2102 942 2168 quanta
956 2090 1090 2154 sittacta

33 2218 65 2245 -20
78 2190 169 2262 labes,
183 2189 281 2265 primo
294 2190 511 2266 Gabinialege,
523 2189 646 2250 biennio
655 2200 755 2250 autem
764 2198 833 2264 post
844 2187 955 2249 Cassia.
976 2187 1088 2252 Videre

75 2285 139 2344 iarn
147 2285 251 2346 videor
260 2288 408 2363 populum
416 2307 435 2346 a
444 2298 548 2348 senatu
559 2287 750 2360 disiunctum,
759 2283 960 2347 multitudinis.
966 2284 1087 2365 arbitrio

79 2401 126 2441 res
147 2383 290 2445 maximas
315 2383 370 2460 agi.
415 2385 517 2444 Plures
541 2384 620 2442 enim
643 2383 769 2454 discent,
792 2381 1086 2458 quemadmodum

79 2479 153 2538 haec
167 2481 247 2552 fiant,
264 2500 354 2557 quam
373 2500 463 2557 quem
481 2481 659 2540 admodum
676 2479 722 2538 his
736 2478 892 2538 resistatur.
937 2478 1086 2551 Quorsum
1099 2476 1139 2535 42

79 2574 174 2635 haec?
206 2575 285 2650 Quia
298 2576 361 2635 sine
376 2576 463 2636 sociis
477 2595 566 2635 nemo
581 2575 814 2651 quicquamztale
828 2583 959 2631 conatur.
975 2559 980 2563 „
1001 2559 1087 2645 Prae·

38 2701 63 2738 25
77 2672 247 2749 cipiendum
271 2684 316 2734 est
337 2674 425 2750 igitur
448 2673 544 2745 bonis,
571 2683 613 2745 ut,
640 2672 665 2731 si
689 2671 721 2730 in
750 2670 917 2732 eiusmodi
941 2668 1085 2738 amicitias

75 2768 170 2846 ignari
185 2790 255 2829 casu
268 2771 368 2847 aliquo
379 2769 547 2841 inciderint,
557 2789 595 2828 ne
610 2768 778 2829 existiment
792 2765 834 2826 ita
848 2785 880 2826 se
894 2765 1036 2841 alligatos
1052 2777 1085 2826 ut
1124 2782 1134 2812 ²

75 2867 115 2925 ab
130 2867 234 2926 amicis
247 2868 278 2927 in
293 2887 401 2951 magna
417 2867 517 2943 aliqua
530 2885 562 2926 re
576 2865 696 2942 publica
709 2862 902 2940 peccantibus
917 2862 1085 2933 nondisce·

74 2965 170 3038 dant,
190 2965 333 3041 improbis
347 2975 448 3025 autem
462 2962 560 3040 poena
574 2961 733 3023 statuenda
751 2971 803 3032 est,
819 2969 968 3021 nec'vero
987 2956 1085 3033 minor

78 3060 119 3119 eis
135 3058 185 3136 qui
198 3061 293 3120 secuti
307 3072 393 3121 erunt
407 3062 540 3132 altemm,
556 3078 646 3135 quam
667 3056 709 3117 eis
727 3056 778 3133 qui
792 3054 849 3131 ipsi
862 3052 969 3114 fuerint
983 3053 1085 3131 impie·

36 3189 62 3226 30
75 3156 143 3216 tatis
174 3157 274 3217 duces.
319 3157 395 3233 Quis
427 3155 532 3215 clarior
559 3159 595 3213 in¹
619 3152 746 3214 Graecia
772 3151 983 3222 Themistocle,
1015 3149 1083 3229 quis

75 3254 247 3331 potentior?
289 3255 350 3331 Qui
385 3275 454 3315 cum
482 3255 642 3331 imperator
674 3254 754 3314 bello
790 3251 909 3319 Persico
943 3248 1082 3320 servitute

76 3349 232 3411 Graeciam
246 3349 427 3411 liberavisset
440 3360 618 3427 propterque
632 3347 773 3408 invidiam
787 3347 818 3406 in
832 3345 966 3406 exsilium
983 3348 1083 3422 expul-

76 3449 237 3520 sus.{esset,
263 3445 529 3526 ingrataesspatriae
542 3445 691 3526 iniuriam,
708 3464 771 3511 non
786 3443 870 3517 tulit,
890 3462 983 3531 quam
1001 3444 1090 3530 ‚terre
1120 3467 1143 3513 J
