2476 3824
140 230 179 282 40
243 184 248 197 '
484 211 494 263 ᾳ
518 207 736 272 ‘aramus
1028 207 1138 290 [xrgt

140 331 307 398 Gracchum
324 353 387 400 rem
403 334 552 417 publicam
570 336 727 400 'vexantem
739 358 762 400 a
778 338 814 416 Q.
835 341 993 401 Tuberone
1012 341 1140 417 'aeq'uali-

140 437 255 512 busque
288 435 390 496 amicis
425 435 597 496 derelictum
630 436 812 496 videbamus.
862 438 903 497 'At
938 438 972 497 C.
1009 437 1140 496 Blossius

140 536 301 609 Cumanus,
322 536 431 613 hospes
452 535 579 596 familiae
605 546 727 609 vestrae,
750 537 898 608 Scaevola,
921 555 991 595 cum
1015 536 1054 594 ad
1080 555 1139 607 me,

115 631 222 704 ,quod
248 632 368 690 aderam
395 631 519 692 Laenati
546 641 576 692 et
603 631 724 708 Rupilio
751 631 922 691 consulibus
949 631 980 690 in
1007 630 1139 703 consili0,

139 727 329 802 deprecatum
342 727 478 798 venisset,
493 729 571 787 hanc
584 738 617 787 ut
637 727 692 788 sibi
705 726 888 805 ignoscerem
909 746 1029 786 causam
1043 728 1148 787 affere->
1169 757 1180 793 5

139 823 196 893 bat,
213 824 296 898 quod
308 823 382 883 tanti
396 822 441 883 Ti.
458 824 627 884 Gracchum
641 823 766 895 lecisset,
781 834 814 883 nt
829 823 975 900 quidquid
989 823 1038 882 ille
1052 824 1140 882 vellet

139 917 194 978 sibi
207 919 377 981 faciendum
394 932 518 998 putaret.
560 925 640 982 Tum
655 942 710 998 ego
730 922 888 992 ‘etiamne'
903 921 1034 998 inquam,
1052 919 1141 981 ‘site

78 1085 81 1088 g
139 1015 168 1073 in
191 1017 371 1093 Capitolium
391 1020 470 1079 faces
491 1021 564 1079 serre
585 1021 703 1080 velletl'
753 1021 941 1095 ‘Numquam
954 1018 1095 1078 voluisset
1109 1017 1141 1078 id

138 1113 268 1190 quidem,
284 1118 346 1189 sed,
362 1116 387 1177 si
400 1117 548 1190 voluisset,
563 1116 745 1194 paruissem!
782 1118 907 1189 Videtis,
923 1137 1012 1193 quam
1032 1117 1141 1177 nefaria

75 1226 106 1298 ··
138 1232 203 1272 vox.
255 1217 294 1273 Et
310 1215 428 1274 hercule
449 1215 491 1274 ita
511 1216 588 1288 iecit,
605 1217 653 1275 vel
668 1216 735 1291 plus
754 1214 843 1276 etiam
859 1235 949 1292 quam
969 1214 1060 1275 dixit:
1080 1234 1142 1275 non
1155 1241 1181 1274 ιο

137 1310 217 1370 enim
235 1312 330 1388 paruit
347 1313 395 1372 ille
414 1312 459 1372 Ti.
484 1312 611 1373 Gracchi
627 1311 790 1384 temeritati,
811 1314 864 1372 sed
882 1310 1014 1388 praefuit,
1032 1330 1089 1370 nec
1108 1331 1141 1372 se

91 1395 94 1401 ’
137 1408 278 1469 comitem
305 1410 382 1469 illius
409 1409 522 1481 furoris,
550 1411 603 1470 sed
631 1410 739 1470 ducem
766 1408 907 1486 praebuit.
951 1411 1057 1484 Itaque
1084 1409 1141 1468 hac

138 1506 274 1579 amentia,
294 1507 466 1584 quaestione
484 1526 562 1567 nova
580 1507 757 1583 perterritus,
775 1507 806 1565 in
824 1506 927 1565 Asiam
947 1504 1083 1582 profugit,
1100 1506 1140 1565 ad

137 1603 230 1662 hostis
252 1610 283 1663 se
304 1603 438 1677 contulit,
460 1623 571 1680 poenas
592 1603 633 1663 rei
654 1603 791 1680 publicae
805 1605 899 1679 gravis
913 1603 1064 1678 iustasque
1078 1621 1140 1678 per-

139 1698 234 1758 solvit.
276 1683 368 1759 Nulla
389 1710 435 1760 est
459 1699 546 1776 igitur
570 1698 721 1759 excusatio
745 1697 871 1775 peccati,
897 1697 922 1756 si
943 1697 1030 1757 amici
1052 1717 1142 1757 causa
1155 1727 1179 1764 ις

136 1796 323 1871 peccaveris:
344 1816 516 1870 nam,1cum
537 1794 720 1856 conciliatrix
740 1794 887 1854 amicitiae
906 1795 1020 1863 virtutis
1037 1796 1139 1872 opinio

104 1971 107 1977 .
136 1892 231 1966 fuerit,
247 1892 366 1954 difficile
388 1903 433 1953 est
452 1893 613 1952 amicitiam
634 1903 762 1965 manere,
777 1890 803 1951 si
823 1911 841 1951 a
859 1891 965 1951 virtute
985 1892 1136 1951 defeceris

81 1989 123 2047 38
139 1991 230 2064 Quod
244 1990 268 2049 si
281 2001 394 2050 rectum
414 1989 602 2050 statuerimus
620 1990 667 2048 vel
688 1989 853 2058 concedere
875 1987 976 2046 amicis
993 1988 1139 2064 quidquid

128 2087 228 2146 'velint
241 2089 288 2146 vel
302 2087 459 2164 impetrare
473 2089 511 2146 ab
527 2088 568 2146 eis
579 2086 723 2163 quidquid
738 2086 870 2159 velimus,
880 2087 1010 2161 perfecta
1019 2085 1139 2161 quidem

117 2253 119 2256 y
137 2185 283 2262 sapientia
297 2185 321 2245 si
336 2186 435 2257 simus,
451 2185 525 2243 nihil
539 2185 648 2244 habeat
661 2205 708 2244 res
723 2185 775 2245 viti
784 2206 801 2258 ;Ἰ
814 2186 868 2244 sed
882 2183 1031 2260 loquimur
1044 2185 1082 2243 de
1098 2184 1140 2244 eis
1154 2211 1180 2245 σο

136 2283 246 2354 amicis,
262 2282 313 2359 qui
333 2293 402 2341 ante
423 2283 528 2341 oculos
548 2291 624 2353 sunt,
641 2302 715 2358 quos
735 2282 872 2344 videmus
896 2290 947 2338 aut
971 2281 1010 2340 de
1032 2280 1139 2356 quibus

136 2380 308 2441 memoriam
326 2380 504 2457 accepimus
522 2399 599 2456 quos
619 2380 701 2440 novit
722 2379 782 2441 vita
799 2376 973 2438 communis.
1017 2379 1064 2436 Ex
1079 2377 1139 2436 hoc

136 2497 260 2538 numero
270 2477 356 2538 nobis
367 2477 501 2552 exempla
510 2477 655 2536 sumenda
666 2487 742 2548 sunt,
756 2486 785 2535 et
800 2493 902 2535 eorum
912 2473 1034 2549 quidem
1048 2473 1139 2532 maxi-

84 2576 121 2633 39
137 2594 193 2647 me,
210 2573 260 2651 qui
274 2575 313 2633 ad
328 2572 502 2650 sapientiam
520 2573 652 2648 proxime
666 2574 820 2632 accedunt.
863 2570 1008 2629 Videmus
1023 2571 1138 2645 Papum

135 2670 296 2731 Aemilium
311 2673 345 2731 C.
358 2669 489 2730 Luscino
499 2669 672 2728 familiarem
683 2669 787 2728 fuisse:
801 2667 872 2728 sica
885 2666 1016 2743 patribus
1027 2667 1141 2743 accepi·
1153 2698 1178 2734 25

137 2786 210 2839 mus
223 2765 267 2826 bis
276 2784 336 2825 una
348 2767 494 2839 consules
504 2767 633 2842 collegas
644 2764 675 2824 in
690 2784 831 2838 censura;
852 2774 916 2823 tum
930 2773 959 2822 et
973 2782 1042 2822 cum
1056 2761 1098 2822 eis
1109 2774 1138 2823 et

132 2865 211 2925 'inter
224 2884 256 2923 se
270 2862 530 2924 coniunctissimos
541 2864 631 2924 fuisse
646 2866 697 2922 M'.
714 2863 844 2936 Curium,
854 2861 901 2921 Ti.
917 2861 1138 2923 Coruncanium

135 2958 294 3020 memoriae
308 2959 458 3035 proditum
475 2971 527 3020 est.
572 2959 665 3035 Igitur
685 2978 724 3018 ne
743 2957 884 3034 suspicari
898 2956 1019 3033 quidem
1036 2975 1139 3033 possu-

135 3074 200 3114 mus
212 3074 389 3131 quemquam
400 3057 505 3115 horum
516 3057 554 3115 ab
568 3055 665 3115 amico
680 3055 834 3132 quidpiam
848 3054 1046 3127 contendisse,
1057 3057 1139 3131 quod

135 3162 238 3211 contra
257 3152 357 3226 fidem,
385 3163 489 3212 contra
512 3152 558 3212 ius
578 3152 744 3226 iurandum,
777 3163 880 3213 contra
906 3171 968 3211 rem
988 3153 1138 3228 publicam
1150 3171 1179 3222 50

131 3256 220 3306 ‘esset
263 3247 343 3305 Nam
360 3247 419 3305 hoc
434 3246 556 3323 quidem
572 3248 603 3307 in
618 3248 724 3307 talibus
743 3245 811 3305 viris
825 3245 896 3322 quid
910 3246 1015 3306 attinet
1029 3248 1135 3319 dicere,

130 3343 160 3403 'si
175 3344 378 3405 contendisset
391 3345 613 3421 impetraturum
628 3364 690 3404 non
704 3344 801 3417 fuisse,
818 3364 885 3403 cum
902 3344 943 3403 illi
961 3344 1137 3404 sanctissimi

87 3459 91 3465 ·
135 3439 187 3498 viri
198 3441 317 3516 luerint,
333 3462 428 3519 aeque
441 3454 542 3504 autem
556 3446 639 3505 nefas
653 3444 690 3504 sit
703 3445 761 3503 tale
775 3442 886 3520 aliquid
900 3454 929 3504 et
943 3445 1044 3504 facere⁴
1054 3462 1137 3520 roga-
