2476 3824
149 225 198 284 ¹44
519 205 751 266 ,renarras
789 207 792 211 ’
1019 203 1107 287 [XIV
1121 204 1160 283 4'9

148 337 246 398 -Nihil
261 348 309 398 est
330 336 410 397 enim
433 336 670 397 remuneratione
693 333 926 410 benevolentiae,
955 337 1028 396 nihil
1054 336 1162 398 vi‘cissiu

105 435 262 496 totumne
278 434 444 495 studionrm
465 434 689 511 officiorumque
707 434 874 496 iucundius.
917 429 1021 511 Quid?
1048 434 1073 496 si
1089 435 1162 496 illud

24 528 26 531 ’
149 531 408 604 setiam'addimus,
420 532 503 607 quod
516 542 596 591 recte
609 529 681 592 addi
694 544 800 609 potest,
813 532 887 591 nihil
902 553 966 593 esse
982 535 1063 610 quod
1077 534 1117 592 ad
1131 553 1162 592 se

150 633 221 690 reni
231 630 323 688 ullam
334 640 394 688 tam
404 628 505 688 illiciat
519 638 623 688 ettam
634 632 729 689 trahat
744 650 833 706 quam
847 623 886 690 ad
897 630 1055 691 amicitiam
1066 630 1163 690 simili-

158 727 241 798 tud0,
257 725 439 786 concedetur
452 726 586 801 profecto
596 745 699 785 verum
713 721 787 800 esse,
797 737 830 786 ut
844 728 940 786 bonos
955 726 1027 787 boni
1041 726 1175 803 diligant
1191 756 1203 794 5

159 821 365 899 asciscantque
399 822 456 882 sibi
490 823 575 899 quasi
600 823 829 900 propinquitate
864 824 1039 884 coniunctos
1074 834 1162 900 atque

101 978 104 984 ,
157 929 280 978 natura,
293 917 376 986 Nihil
391 928 435 978 est
450 917 529 976 enim
544 919 731 994 appetentius
746 918 885 978 similium
899 919 945 978 sui
959 939 1016 978 nec
1029 919 1163 996 rapacius

160 1037 249 1094 quam
264 1028 376 1079 natura
401 1018 500 1091 Quam
509 1018 549 1076 ob
564 1035 626 1075 rem
640 1017 699 1076 hoc
714 1016 846 1092 quidem,
858 1017 953 1074 Fanni
968 1027 998 1076 et
1012 1017 1162 1087 Scaevola,

147 1103 282 1189 constet,
298 1125 331 1175 ut
345 1114 458 1192 opinor,
471 1114 558 1175 bonis
572 1113 648 1175 inter
661 1116 757 1175 bonos
769 1114 854 1191 quasi
868 1113 1062 1174 necessariam
1077 1116 1165 1174 bene-

149 1213 329 1285 volentiam,
345 1211 396 1288 qui
412 1220 456 1270 est
471 1210 619 1271 amicitiae
633 1213 699 1270 fons
720 1231 738 1270 a
754 1221 859 1270 natura
878 1206 1073 1270 'constitutus'
1105 1212 1170 1270 Sed·
1181 1234 1204 1266 ιο

152 1307 396 1378 ¹eadembonitas
417 1305 506 1366 etiam
525 1309 564 1366 ad
581 1304 801 1367 multitudinem
820 1307 954 1383 pertinet.
998 1309 1070 1366 Non
1085 1305 1163 1365 enim

149 1417 203 1466 :est
225 1406 386 1465 inhumana
406 1402 497 1464 virtus
521 1424 619 1480 neque
638 1403 780 1465 immunis.
804 1425 902 1481 neque
930 1405 1063 1482 superba,
1087 1399 1164 1481 quae

159 1502 248 1561 etiam
262 1502 389 1578 populos
403 1500 555 1560 universos
569 1499 644 1560 tueri
658 1501 760 1576 eisque
769 1501 880 1577 optime
893 1503 1047 1560 consulere
1060 1501 1163 1570 soleat,

151 1601 248 1678 quod,
269 1619 331 1659 non
350 1599 459 1658 faceret
485 1600 627 1675 profect0‚
651 1597 676 1657 si
697 1618 715 1657 a
739 1599 860 1659 caritate
883 1592 1162 1675 volgi'abhorreret.

108 1698 144 1758 51
160 1701 261 1774 Atque
282 1699 371 1756 etiam
392 1695 465 1755 mihi
486 1695 608 1773 quidem
628 1694 775 1769 videntur,
792 1696 843 1773 qui
864 1697 997 1756 utilitatis
1012 1715 1101 1755 causa
1113 1698 1165 1754 fin·
1180 1725 1203 1762 15

158 1805 232 1872 gunt
243 1793 394 1863 amicitias
404 1791 649 1852 amabilissimum
659 1793 773 1853 nodum
783 1792 928 1852 amicitiae
942 1794 1053 1852 tollere.
1092 1796 1164 1853 Non

135 1890 239 1950 *enim
260 1901 321 1949 tam
339 1889 449 1948 utilitas
469 1885 553 1964 parta
574 1908 627 1964 per
647 1887 776 1947 amicum
791 1907 880 1964 quam
899 1887 986 1948 amici
1000 1906 1084 1955 amor
1101 1888 1163 1964 ipse

151 1986 296 2059 delectat,
320 1996 443 2060 tumque
468 1984 542 2043 illud
566 1986 607 2055 fit,
631 1985 714 2060 quod
734 1985 772 2043 ab
795 1984 892 2044 amico
918 1995 961 2044 est
984 1978 1161 2060 profectum,

159 2081 330 2155 iucundrun,
346 2081 454 2141 sizcum
470 2082 569 2142 studio
583 2093 627 2141 est
646 2084 821 2158 profectum,
831 2093 1013 2159 tantumque
1034 2084 1117 2142 abest
1131 2094 1163 2142 ut

152 2179 306 2239 amicitiae
325 2181 444 2256 propter
461 2179 655 2256 indigentiam
675 2177 817 2252 colantur,
834 2190 868 2238 ut
886 2179 921 2251 ei,
938 2180 989 2256 qui
1008 2179 1114 2256 opibus
1134 2190 1163 2238 et
1179 2212 1204 2238 20

160 2275 254 2352 copiis
269 2275 456 2350 maximeque
470 2274 585 2347 virtute,
601 2274 632 2332 in
652 2294 711 2350 qua
729 2274 889 2350 plurimum
903 2286 948 2334 est
960 2274 1097 2351 praesidi,
1112 2274 1164 2333 mi-

155 2374 240 2434 [nime
254 2372 372 2433 alterius
392 2372 553 2448 indigeant,
568 2372 764 2431 liberalissimi
778 2371 881 2432 sintet
894 2371 1162 2432 beneficentissimi.

160 2472 259 2546 Atque
273 2471 353 2529 haud
366 2469 458 2530 sciam
473 2490 512 2528 an
524 2489 563 2529 ne
578 2489 653 2546 opus
668 2470 705 2529 sit
720 2470 841 2547 quidem
854 2467 1085 2545 nihilssumquam
1100 2490 1161 2531 om*-

155 2568 232 2626 ·nino
253 2568 358 2627 deesse
377 2565 486 2627 amicis.
530 2567 593 2629 Ubi
614 2566 694 2628 enim
715 2568 812 2640 studia
830 2578 931 2628 nostra
950 2562 1117 2648 viguissent,
1139 2568 1164 2628 si

160 2683 324 2740 numquam
343 2664 475 2738 consilio,
499 2684 663 2742 numquam
688 2685 778 2742 opera
800 2662 901 2726 nostra
924 2686 981 2725 ηερ
1006 2665 1088 2726 domi
1109 2687 1165 2726 ηερ
1179 2691 1203 2736 23

160 2759 282 2819 militiae
298 2759 563 2838 Scipioeguisset?¹
599 2764 671 2821 Non
685 2761 773 2838 igitur
787 2761 943 2821 utilitatem
958 2760 1094 2834 amicitia,
1110 2765 1164 2822 sed

157 2857 269 2918 'utilitas
283 2857 443 2917 amicitiam
459 2870 560 2918 secuta
574 2870 626 2918 est

108 2956 145 3015 52
164 3020 166 3023 ⁸
221 2956 287 3014 XV.
331 2956 402 3014 Non
418 2974 487 3030 ergo
507 2966 592 3014 erunt
613 2954 750 3015 homines
770 2954 882 3014 deliciis
901 2955 1067 3014 diffluentes
1084 2955 1164 3014 audi-

157 3050 238 3123 endi,
254 3049 278 3109 si
292 3051 413 3127 quando
427 3052 465 3110 de
479 3050 617 3124 amicitia,
630 3071 719 3127 quam
730 3072 786 3112 nec
797 3050 852 3111 usu
863 3071 919 3110 nec
929 3049 1042 3111 ratione
1052 3051 1164 3111 habent

103 3175 106 3185 ¹
160 3146 317 3224 cognitam,
341 3145 542 3222 disputabunt.
586 3150 666 3206 Nam
687 3149 753 3223 quis
777 3161 831 3216 est,
852 3143 1051 3225 pro'deorum
1074 3151 1165 3209 fidem
1179 3180 1204 3216 30

158 3256 250 3320 atque
265 3242 438 3302 hominum!
460 3243 511 3318 qui
527 3243 656 3318 velit,.ut
673 3263 771 3320 neque
789 3244 890 3319 diligat
908 3263 1089 3320 quemquam
1109 3264 1163 3303 ηερ

160 3340 223 3417 ipse
238 3340 276 3399 ab
295 3341 356 3399 ullo
373 3339 519 3415 diligatur,
534 3340 736 3399 circumfluere
756 3339 894 3399 omnibus
913 3339 1007 3415 copiis
1024 3350 1113 3414 atque
1131 3337 1163 3407 in

155 3437 619 3510 omnuim„rerum„a.bundantia
632 3439 754 3512 nivere?
796 3441 883 3499 Haec
904 3439 984 3498 enim
1005 3448 1048 3498 est
1069 3447 1163 3516 tyran-
