2476 3824
123 235 161 294 34
515 215 714 279 MELIUS
791 218 793 223 '
948 256 953 263 ·
1017 213 1074 298 [VI
1091 236 1130 276 20

123 342 202 403 enim
226 341 355 404 amicitia
377 341 452 403 nihil
471 342 552 404 aliud
572 343 629 404 nisi
649 342 784 405 omnium
804 343 969 406 divinarum
988 345 1130 405 humana-

122 459 248 516 rumque
266 459 363 499 remm
381 459 451 499 cum
467 439 675 500 benevolentia
692 451 722 501 et
742 440 863 502 caritate
883 441 1048 514 consensi0‚
1070 461 1130 518 qua

124 534 246 610 quidem
259 536 340 595 haud
354 533 415 596 scio
429 554 468 595 an
481 546 605 613 excepta
624 535 768 613 sapientia
787 537 829 596 nil
845 537 1005 615 quicquam
1025 538 1130 597 melius

124 629 239 691 homini
252 631 321 691 sita
341 631 387 692 dis
406 630 623 693 immortalibus
642 635 753 694 damm.
796 633 923 695 Divitias
943 634 993 694 alii
1011 654 1132 712 praepo·

125 736 209 799 nunt,
226 726 337 786 bonam
353 726 403 786 alii
423 727 632 802 valetudinem,
655 727 704 788 alii
725 730 896 805 potentiam,
920 731 970 791 alii
993 732 1129 803 honores,
1160 760 1171 797 ε

126 822 211 884 multi
234 821 323 884 etiam
343 826 516 900 voluptates.
559 828 716 886 Beluarum
737 828 796 887 hoc
816 827 938 904 quidem
960 840 1130 900 extremum,

127 917 177 975 illa
199 926 299 976 autem
320 916 469 993 superiora
489 919 603 978 caduca
626 930 656 979 et
677 918 796 993 incerta,
815 920 913 997 posita
937 941 999 982 non
1020 934 1082 982 tam
1101 922 1132 980 in

128 1012 258 1087 consiliis
271 1013 377 1074 nostris
391 1033 482 1090 quam
496 1013 527 1073 in
541 1017 676 1076 fortunae
689 1016 861 1077 temeritate.
905 1018 965 1094 Qui
984 1028 1084 1078 autem
1101 1017 1133 1076 in

111 1112 233 1173 'virtute
253 1133 402 1173 summum
422 1114 536 1175 bonum
557 1125 680 1190 ponunt,
703 1116 852 1192 praeclare
871 1114 914 1174 illi
935 1114 1064 1192 quidem,
1080 1116 1145 1175 sed*

129 1214 204 1273 haec
225 1213 290 1289 ipsa
311 1212 402 1273 virtus
423 1212 584 1273 amicitiam
608 1224 638 1274 et
660 1213 752 1292 gignit
774 1225 805 1275 et
826 1215 968 1288 continet,
991 1234 1048 1274 nec
1072 1214 1179 1275 sine10⁴

78 1310 115 1368 21
129 1310 235 1369 uirtute
248 1308 379 1369 amicitia
390 1329 455 1370 esse
468 1312 626 1387 ullopacto
641 1322 746 1387 potest.
789 1311 855 1371 Iam
868 1311 1006 1371 virtutem
1020 1330 1057 1370 ex
1066 1330 1135 1370 con-

131 1407 287 1469 suetudine
300 1407 377 1468 vitae
390 1418 508 1468 nostrae
521 1407 725 1485 sermonisque
737 1407 829 1469 nostri
842 1407 1065 1484 interpretemur
1079 1426 1135 1466 nec

132 1526 208 1581 eam,
227 1517 260 1567 ut
287 1505 409 1583 quidam
431 1505 523 1578 docti,
546 1506 703 1566 verborum
726 1504 946 1582 magnificentia
969 1503 1134 1576 metiamur,

131 1601 267 1680 virosque
280 1602 376 1663 bonos
390 1621 441 1664 eos
455 1601 506 1678 qui
519 1602 665 1662 habentur
677 1621 874 1674 numeremus,
887 1602 995 1660 Paulos
1005 1602 1136 1660 Catones

133 1684 234 1760 Gallos
245 1696 401 1776 Scipiones
409 1696 595 1758 Philos-his
606 1695 772 1757 communis
780 1695 840 1761 vita
850 1707 991 1757 contenta
1001 1707 1138 1757 est—eos
1153 1727 1177 1765 ις

80 1796 118 1854 22
133 1807 232 1857 autem
251 1795 430 1867 omittamus,
446 1794 497 1872 qui
513 1795 636 1855 omnino
655 1813 801 1870 nusquam
821 1793 1013 1871 reperiuntur.
1055 1795 1137 1853 Talis

133 1891 221 1969 igitur
233 1891 309 1952 inter
321 1891 398 1953 viros
412 1890 540 1952 amicitia
548 1901 643 1950 tantas
657 1889 891 1967 opportunitates
905 1881 1002 1960 habet,
1013 1900 1137 1968 quantas

133 1990 181 2049 vix
195 2010 274 2067 queo
287 1989 392 2051 dicere.
435 1988 583 2066 Principio
597 1988 649 2066 qui
667 2000 765 2066 potest
779 2007 844 2050 esse
859 1987 920 2049 vita
932 1987 1036 2058 vitalis,
1051 1998 1084 2046 ut
1098 1986 1138 2046 ait

135 2086 257 2159 Ennius,
272 2105 349 2162 quae
362 2105 424 2147 non
438 2085 469 2145 in
485 2085 573 2146 amici
590 2097 694 2145 mutua
709 2085 917 2148 benevolentia
934 2082 1140 2161 conquiescit?

136 2183 217 2259 Quid
238 2182 353 2243 dulcius
375 2202 464 2259 quam
482 2183 592 2242 habere
610 2182 731 2258 quicum
751 2181 852 2242 omnia
870 2183 981 2241 audeas
999 2180 1041 2239 sic
1059 2177 1141 2255 loqui
1155 2209 1180 2236 ω

135 2294 167 2342 ut
188 2283 309 2341 tecum?
351 2280 410 2357 Qui
425 2292 502 2340 esset
515 2291 615 2340 tantus
629 2281 741 2339 fructus
760 2277 792 2337 in
811 2278 958 2356 prosperis
971 2279 1068 2349 rebus,
1084 2274 1140 2334 nisi

136 2379 260 2438 haberes
273 2375 324 2453 qui
338 2376 394 2436 illis
409 2396 504 2453 aeque
517 2395 552 2436 ae
569 2387 601 2436 tu
620 2375 684 2453 ipse
702 2375 865 2452 gauderet?
905 2374 1052 2433 Adversas
1070 2391 1140 2433 vero

136 2476 210 2537 ferre
230 2471 348 2533 difficile
369 2482 445 2534 esset
466 2470 530 2531 sine
550 2491 595 2545 e0,
610 2470 662 2548 qui
681 2470 745 2530 illas
764 2468 878 2548 gravius
898 2467 986 2529 etiam
1000 2485 1090 2542 quam
1108 2477 1141 2525 tu

137 2573 232 2632 terret.
274 2569 415 2646 Denique
436 2581 551 2629 ceterae
574 2587 631 2641 res,
654 2587 731 2644 quae
752 2576 935 2644 expetuntur,
958 2574 1141 2640 opportunae

138 2679 206 2730 stutt
220 2664 351 2744 singulae
371 2667 458 2727 rebus
472 2668 532 2726 fere
546 2663 685 2742 singulis,
706 2663 833 2736 divitiae,
847 2673 880 2729 ut
893 2673 994 2735 utare3
1015 2679 1094 2736 opes,
1111 2671 1191 2726 ut25-

138 2768 255 2840 colare<3
273 2764 409 2835 honores,
431 2775 464 2824 ut
485 2764 633 2836 laudere;‚
650 2762 824 2836 voluptates,
846 2768 879 2818 ut
899 2758 1029 2834 gaudeas
1039 2775 1047 2828 ;
1067 2757 1143 2815 vale·

139 2864 221 2930 tudo,
230 2873 263 2922 ut
277 2862 379 2922 dolore
389 2880 488 2920 careas
497 2872 527 2921 et
535 2858 705 2920 muneribus
716 2859 836 2935 fungare
845 2854 993 2931 corporis:
1015 2851 1144 2913 amicitia

139 2979 185 3020 res
204 2957 348 3036 plurimas
364 2955 497 3018 continet
506 2978 515 3031 3
535 2975 657 3033 quoquo
676 2965 706 3015 te
725 2952 850 3016 verteris
863 2960 980 3029 praesto
994 2958 1047 3019 est,
1062 2951 1144 3008 nullo

140 3058 207 3117 loco
228 3053 398 3127 excluditur,
419 3073 582 3130 numquam
600 3049 815 3128 intempestiva,
831 3066 995 3124 numquam
1019 3047 1144 3106 molesta

141 3163 194 3212 est.
223 3154 329 3228 Itaque
343 3171 405 3212 non
420 3170 505 3227 aqua,
515 3170 576 3210 non
588 3147 656 3228 igni,
665 3160 699 3209 ut
709 3147 799 3220 aiunt,
810 3145 941 3223 pluribus
954 3142 1027 3203 locis
1037 3142 1146 3202 utimur
1160 3173 1185 3210 30

141 3268 231 3326 quam
245 3247 381 3309 amicitia
423 3249 532 3325 Neque
540 3266 596 3324 ego
610 3265 690 3305 nunc
704 3246 743 3305 de
752 3241 862 3320 volgari
876 3251 926 3301 aut
940 3241 979 3301 de
993 3238 1143 3308 mediocri,

142 3364 219 3422 quae
234 3356 334 3405 tamen
355 3344 419 3422 ipsa
436 3356 466 3404 et
486 3345 614 3404 delectat
631 3354 660 3404 et
676 3342 806 3419 prodest,
821 3340 875 3400 sed
894 3340 933 3399 de
951 3356 1020 3398 vera
1036 3347 1065 3396 et
1084 3353 1145 3411 per-

135 3443 216 3499 fecta
227 3441 345 3517 loquor,
360 3439 455 3519 qualis
469 3459 579 3512 eorum,
595 3437 646 3517 qui
659 3434 747 3516 pauci
760 3434 958 3505 nominantur,
973 3431 1036 3493 fuit.
1065 3432 1095 3489 N
1097 3449 1145 3489 am
