2476 3824
134 215 247 302 IX'30]
478 218 546 280 DE
570 216 792 281 AMICITIA.
1089 237 1134 295 ‘37

133 349 254 426 quidem
279 347 432 426 quale'sit,
455 348 544 410 etiarn
564 346 601 408 in
620 348 728 409 bestiis·
745 348 932 424 quibusdam·
944 347 1136 408 animadverti

132 458 237 523 potest,
253 467 330 524 quae
344 467 381 507 ex
395 467 427 508 se
440 451 525 509 natus
538 448 580 509 ita
593 454 698 508 amant
707 450 745 507 ad
759 449 911 524 quoddam
924 457 1042 525 tempus
1056 458 1085 506 et
1098 447 1136 506 ab

133 542 175 603 eis
196 543 237 604 ita
255 555 397 616 amantur,
412 554 449 608 ut,
460 544 547 605 facile
565 564 666 605 earum
687 564 788 604 sensus
807 555 953 620 appareat.
996 544 1087 620 Quod
1105 542 1135 602 in

133 639 254 699 homine
268 640 361 698 multo
376 650 420 699 est
434 639 607 715 evidentius,
622 641 749 718 primurn
768 662 805 701 ex
818 661 853 701 ea
868 641 987 701 caritate
1001 660 1078 717 quae
1092 652 1136 700 est

113 737 209 804 sinter
222 748 307 797 natos
316 747 345 796 et
359 738 495 812 parentis
510 758 589 814 quae
601 737 698 798 dirimi
712 737 767 797 nisi
782 738 947 798 detestabili
955 740 1064 798 scelere
1074 757 1135 796 non

132 843 238 908 potest,
254 831 364 892 deinde
380 851 449 891 curn
468 832 570 893 similis
589 852 692 893 sensus
709 833 817 893 exstitit
833 833 948 906 amoriS,
965 833 989 892 si
1007 827 1135 911 aliquem

133 929 212 989 nacti
226 947 335 1001 sumuS,
351 928 434 990 cuius
447 950 517 989 cum
530 931 661 991 moribus
676 942 705 990 et
719 943 822 990 natura
835 951 1039 1007 congruamus,
1054 933 1136 1009 quod

132 1025 164 1084 in
188 1047 225 1087 eo
246 1030 330 1104 quasi
352 1033 453 1089 lumen
468 1026 597 1103 aliquod
618 1027 770 1104 probitatis
790 1039 819 1088 et
842 1027 954 1088 virtutis
970 1030 1136 1105 perspicere

132 1123 290 1185 videamur.
322 1126 405 1184 Nihil
419 1135 463 1185 est
472 1123 552 1183 enirn
565 1124 670 1184 virtute
684 1124 845 1198 amabilius,
861 1126 933 1184 nihil
947 1127 1030 1202 quod
1043 1126 1135 1204 magis
1150 1126 1189 1192 28

94 1250 118 1277 ιο
131 1219 239 1281 alliciat
253 1224 293 1282 ad
307 1223 509 1299 diligendum:
540 1221 650 1298 quippe
665 1241 734 1280 cum
747 1233 866 1298 propter
878 1222 1015 1282 virtutem
1029 1233 1058 1282 et
1072 1241 1136 1298 pro

132 1319 255 1381 bitatem
275 1322 364 1381 etiam
386 1340 447 1395 eos
462 1339 538 1397 quos
559 1339 722 1397 numquam
738 1320 874 1392 vidimus
893 1320 1025 1395 quodam
1043 1320 1136 1378 modo

126 1418 296 1494 diligamus.
354 1419 428 1494 Quis
456 1419 578 1494 estqui
606 1421 640 1480 C.
665 1416 789 1490 Fabrici,
813 1419 864 1476 Μ’.
887 1417 957 1478 Curi
984 1437 1045 1476 non
1067 1435 1136 1475 cum

127 1511 252 1576 ,caritate
273 1515 372 1593 aliqua
389 1517 535 1576 benevola
552 1499 729 1575 memoriam*
740 1525 867 1591 usurpet,
883 1534 958 1591 quos
972 1533 1136 1590 numquam
1175 1536 1179 1574 ;

130 1613 256 1673 viderit?
298 1613 372 1689 Quis
386 1623 485 1672 autem
504 1617 548 1672 est
562 1612 614 1689 qui
627 1612 820 1689 Tarquinium
834 1613 1005 1688 Superbum,
1021 1610 1134 1688 qui'Sp.

93 1739 116 1776 15
131 1709 275 1782 Cassium,
292 1711 341 1784 Sp.
358 1707 502 1768 Maelium
511 1728 572 1767 non
582 1708 699 1768 oderit?
739 1708 817 1767 Cum
832 1708 947 1767 duobus
958 1706 1083 1767 ducibus
1098 1708 1136 1766 de

132 1804 255 1880 imperio
272 1805 303 1863 in
326 1804 412 1864 Italia
432 1815 476 1864 est
497 1806 688 1877 decertatum,
708 1805 819 1881 Pyrrho
840 1815 869 1864 et
889 1804 1077 1877 Hannibale3
1098 1803 1136 1862 ab

132 1903 223 1961 altero
238 1912 356 1977 propter
366 1901 542 1978 probitatem
554 1900 615 1960 eius
629 1921 690 1960 non
699 1900 787 1959 nimis
800 1899 912 1960 alienos
927 1899 1040 1959 animos
1049 1899 1151 1983 habe-¹

131 2017 205 2071 mus,
218 1991 341 2058 alterum
354 2009 473 2074 propter
485 1996 688 2056 crudelitatem
703 2016 819 2072 semper
832 1995 1018 2056 haeccivitas
1033 1994 1135 2055 oderit.

193 2097 246 2154 IX.
298 2095 389 2170 Quod
406 2092 431 2152 si
446 2093 528 2165 tanta
545 2092 588 2152 vis
601 2090 754 2168 probitatis
772 2101 823 2162 est,
839 2102 872 2150 ut
889 2111 955 2151 earn
972 2092 1020 2150 vel
1036 2090 1067 2149 in
1084 2090 1133 2161 eis,
1151 2090 1189 2148 29

91 2222 117 2250 ,ο
130 2211 205 2267 quos
219 2210 384 2267 numquam
402 2189 538 2263 vidimus
552 2191 608 2260 vel,
625 2189 706 2265 quod
720 2187 814 2246 rnaius
829 2197 881 2261 est,
896 2187 927 2246 in
947 2189 1033 2247 hoste
1047 2186 1136 2247 etiam

131 2281 295 2365 diligamus,
318 2287 392 2364 quid
405 2286 521 2346 minim
542 2297 594 2358 est,
616 2285 641 2345 si
661 2285 752 2345 animi
778 2285 934 2346 hominum
955 2296 1135 2355 moveantur,

130 2405 325 2458 cumeorum,
342 2381 519 2462 quibuscum
532 2404 587 2444 usu
607 2385 757 2445 coniuncti
771 2405 836 2445 esse
852 2396 984 2462 possunt,
1000 2383 1135 2443 virtutem

131 2495 160 2543 et
168 2483 332 2543 bonitatem
346 2482 512 2559 perspicere
521 2481 700 2541 videantur?
749 2484 938 2557 Quamquam
947 2481 1137 2539 confirmatur

124 2598 213 2638 -arnor
226 2589 256 2637 et
264 2578 412 2638 beneficio
425 2588 547 2653 accepto
562 2587 591 2636 et
600 2576 698 2637 studio
712 2589 865 2653 perspecto
880 2588 910 2637 et
923 2577 1137 2637 consuetudine

90 2708 114 2745 25
128 2677 276 2747 adiuncta,
300 2675 407 2752 quibus
423 2669 517 2734 'rebus
540 2675 579 2733 ad
600 2674 683 2733 illum
706 2673 834 2749 primum
857 2684 972 2732 motum
995 2672 1087 2731 animi
1107 2685 1136 2733 et

130 2773 237 2834 amoris
251 2772 390 2834 adhibitis
401 2768 579 2831 admirabilis
588 2771 735 2847 quaedam
744 2769 905 2830 exardescit
913 2769 1136 2829 benevolentiae

130 2868 312 2946 magnitudo.
357 2869 455 2942 Quam
474 2866 499 2925 si
518 2865 569 2942 qui
587 2875 693 2942 putant
711 2865 749 2924 ab
766 2863 966 2923 imbecillitate
980 2862 1134 2939 proficisci,

130 2976 163 3025 ut
177 2966 213 3024 sit
228 2984 280 3040 per
294 2960 384 3040 quem
397 2963 575 3038 adsequatur
589 2963 670 3037 quod
685 2959 808 3037 quisque
823 2960 977 3031 desideret,
993 2959 1135 3018 humilem

131 3081 201 3121 sane
222 3060 368 3119 relincunt
386 3070 418 3119 et
439 3057 562 3131 minime
586 3076 771 3134 generosum,
793 3067 826 3116 ut
847 3056 887 3116 ita
908 3057 1015 3128 dicam,
1037 3068 1134 3116 ortum

91 3168 116 3230 3'0
129 3158 283 3229 amicitiae,
308 3178 398 3234 quam
420 3177 457 3228 ex
478 3155 579 3232 inopia
600 3167 689 3231 atque
712 3155 874 3231 indigentia
895 3166 996 3214 natam
1022 3156 1132 3215 volunt.

128 3255 222 3330 Quod
236 3245 260 3313 si
274 3254 315 3313 ita
328 3265 412 3327 esset,
424 3249 456 3312 ut
466 3246 590 3329 quisque
604 3251 759 3310 minimum
774 3271 838 3312 esse
852 3250 883 3310 in
897 3271 928 3311 se
942 3250 1133 3325 arbitraretur,
1187 3264 1191 3274 '

130 3350 172 3410 ita
185 3351 224 3410 ad
238 3349 398 3409 amicitiam
413 3361 489 3410 esset
503 3348 671 3425 aptissimus
679 3372 688 3424 3
710 3351 890 3426 quodlonge
901 3369 984 3409 secus
996 3360 1046 3409 est.
1091 3351 1134 3410 Ut
1149 3349 1187 3408 30

131 3448 211 3510 enirn
228 3447 358 3526 quisque
376 3447 611 3525 sibi-*plurimum
629 3447 754 3518 confidit
770 3457 800 3509 et
813 3458 846 3507 ut
860 3446 989 3523 quisque
1006 3445 1144 3505 manime
1171 3453 1183 3491 'x
