2476 3824
130 219 169 292 gc
515 218 735 283 'IAELJUS'
784 224 792 279 1
1006 217 1081 300 [vn
1098 225 1136 292 24

53 422 56 430 Ι
129 347 227 407 dicere
236 342 249 422 3⁴
273 344 298 406 si
317 345 394 423 quae¹
413 345 565 424 ‘praeterea
587 351 785 411 sunt-‘credo
802 361 902 410 autem
921 369 986 410 esse
1004 352 1137 410 multa-

94 440 96 443 ’
111 437 112 442 ’
128 444 166 503 ab
180 443 233 518 eis;
247 443 272 504 si
284 443 439 517 videbitur,
454 446 506 521 qui
520 445 576 506 ista
590 447 749 525 disputant,
765 447 938 524 quaeritote.

75 539 113 598 25
189 539 360 600 Fannius„
386 544 451 601 Nos
466 555 566 603 autem
580 563 598 602 a
611 555 642 603 te
655 544 773 621 potius:
794 565 978 622 quamquam
993 544 1082 605 etiam
1096 548 1135 605 ab

128 637 190 698 istis
204 659 292 716 saepe
313 640 444 716 quaesivi
461 653 490 701 et
504 641 602 702 audivi
617 662 679 702 non
695 641 802 704 invitus
818 643 967 720 equidem,
984 648 1037 705 sed
1055 646 1136 705 aliud

128 737 282 812 quoddam
296 738 379 796 filum
393 737 532 798 orationis
547 750 626 800 tuae.
1035 792 1037 795 .
1164 775 1175 811 ⁵

188 836 357 895 Scaevom.
380 838 478 895 'Tum
502 835 595 912 magis
618 835 651 896 id
675 835 797 912 diceres,
819 836 923 912 Fanni,
946 839 970 899 si
991 859 1085 916 nuper
1104 837 1135 897 in

127 930 219 990 hortis
234 930 473 1008 Scipionis,.cum
487 943 531 992 est
546 934 629 993 dere
647 930 767 1010 publica
785 934 977 1011 disputatum,
993 935 1134 994 affuisses.

129 1027 232 1102 Qualis
242 1039 306 1088 tum
320 1040 460 1106 patronus
469 1029 594 1090 iustitiae
608 1031 662 1090 fuit
675 1042 780 1092 contra
793 1044 960 1092 accuratam
971 1032 1135 1094 orationem

128 1124 223 1184 Phili!
552 1190 554 1192 ,
956 1124 958 1131 ’

187 1222 213 1280 F
213 1214 341 1282 ammos.
356 1228 358 1234 ’
384 1221 483 1282 Facile
497 1222 528 1282 id
542 1221 665 1299 quidem
678 1223 733 1284 suit
746 1222 887 1285 iustitiam
901 1223 1059 1285 iustissimo
1074 1225 1135 1287 viro
1151 1259 1175 1286 ιο

50 1343 52 1346 ⁴
127 1319 294 1380 defendere.
1130 1386 1132 1389 ,

187 1417 355 1477 Scaevoia
399 1417 504 1491 Quid?
523 1415 682 1476 amicitiam
692 1437 793 1478 nonne
804 1417 889 1478 facile
903 1417 938 1492 ei,
949 1417 1000 1495 qui
1013 1420 1053 1479 ob
1067 1439 1133 1479 eam

127 1499 242 1571 summa
263 1515 324 1573 fide
346 1513 512 1573 constantia
532 1512 641 1573 iustitia
664 1526 807 1574 servatam
829 1509 988 1575 maximam
1011 1516 1133 1593 gloriam

95 1611 97 1613 ’
127 1607 255 1686 ceperit?

74 1702 111 1762 26
186 1705 276 1765 VIII.
306 1707 453 1765 Laenius.
485 1705 625 1766 Vimhoc
634 1707 758 1782 quidem
770 1718 814 1767 est
827 1709 944 1769 afferre:
966 1694 1041 1784 quid
1054 1708 1133 1768 enim
1148 1740 1172 1778 15

126 1802 211 1862 refert
225 1823 285 1880 qua
302 1823 352 1863 me
370 1803 484 1864 ratione
502 1803 637 1881 cogatis?
667 1804 781 1882 Cogitis
796 1816 883 1865 certe.
927 1797 1038 1866 Studiis
1052 1805 1131 1865 enim

27 1913 29 1916 ·
125 1917 307 1974 generorum,
322 1900 493 1977 praesertim
511 1900 543 1959 in
561 1919 593 1961 re
613 1901 703 1975 bona,
719 1920 788 1960 cum
808 1899 929 1961 difficile
950 1912 994 1962 est
1012 1912 1076 1962 tum
1093 1922 1132 1962 ne

125 1995 230 2054 aecum
244 1996 366 2072 quidem
381 1997 531 2057 obsistere.

184 2093 361 2170 Saepissime
374 2093 461 2172 igitur
474 2093 546 2153 mihi
567 2095 606 2156 de
619 2093 749 2155 amicitia
762 2094 903 2172 cogitanti
917 2093 1044 2155 maxime
1058 2095 1131 2155 illud

125 2187 380 2249 considerandum.
400 2188 493 2249 videri
516 2189 599 2262 solet,
628 2200 726 2256 utrum
754 2201 873 2267 propter
900 2187 1132 2249 imbecillitatem
1146 2222 1172 2248 20

124 2295 214 2360 atque
227 2283 358 2361 inopiam
377 2283 543 2344 desiderata
562 2285 599 2344 sit
617 2283 755 2357 amicitia,
769 2295 802 2344 ut
819 2284 926 2345 dandis
943 2283 1131 2359 recipiendis-

124 2400 183 2457 que
209 2382 329 2455 meritis,
357 2383 440 2458 quod
464 2381 589 2458 quisque
615 2380 713 2441 minus
739 2401 793 2458 per
816 2401 849 2441 se
874 2380 939 2457 ipse
965 2390 1073 2456 posset,
1098 2379 1130 2440 id

123 2478 269 2556 acciperet
285 2481 323 2540 ab
340 2479 399 2538 alio
417 2477 605 2554 vicissimque
622 2478 767 2550 redderet,
782 2496 821 2536 an
838 2487 915 2538 esset
934 2476 994 2535 hoc
1006 2475 1129 2552 quidem

123 2565 272 2654 proprium
296 2575 451 2649 amicitiae,
476 2575 531 2635 sed
552 2572 700 2650 antiquior
721 2584 750 2634 et
772 2574 921 2651 pulchrior
942 2583 972 2633 et
994 2571 1088 2649 magis
1111 2592 1130 2632 a

122 2685 226 2734 natura
238 2675 302 2751 ipsa
315 2675 446 2751 profecta
459 2671 516 2732 alia
528 2691 626 2731 causa.
665 2673 760 2731 Amor
773 2671 862 2745 enim,
876 2691 914 2731 ex
927 2689 988 2747 quo
1002 2669 1130 2730 amicitia
1144 2701 1168 2739 25

123 2771 275 2832 nominata
288 2783 340 2845 est,
356 2769 493 2847 princeps
507 2780 551 2830 est
565 2769 604 2828 ad
622 2765 860 2829 benevolentiam
878 2769 1126 2845 coniungendam.

122 2869 203 2926 Nam
219 2866 358 2928 utilitates
372 2867 494 2943 quidem
513 2865 605 2927 etiam
623 2866 661 2926 ab
679 2865 722 2926 eis
740 2866 940 2943 percipiuntur
958 2885 1055 2942 saepe,
1077 2866 1129 2942 qui

121 2965 308 3027 simulatione
322 2964 468 3025 amicitiae
476 2966 612 3025 coluntur
625 2976 655 3026 et
668 2955 859 3024 observantur
871 2963 1012 3041 temporis
1026 2959 1127 3040 causa3

121 3061 152 3120 in
173 3062 302 3122 amicitia
316 3073 416 3122 autem
437 3062 511 3121 nihil
530 3063 641 3136 fictum,
657 3060 730 3120 nihil
749 3060 917 3121 simulatum
931 3072 976 3121 est
990 3072 1029 3134 et,
1044 3061 1127 3138 quid-

67 3158 106 3217 2¹1
121 3156 194 3234 quid
208 3169 260 3230 est,
276 3158 308 3219 id
322 3169 366 3219 est
379 3177 481 3219 verum
492 3168 525 3219 et
538 3157 743 3219 voluntarium.
793 3160 980 3235 Quapropter
993 3178 1011 3218 a
1024 3171 1128 3219 natura
1142 3193 1167 3228 30

120 3254 194 3314 mihi
206 3256 323 3316 videtur
340 3256 546 3333 potiusquam
565 3257 603 3316 ab
619 3253 783 3333 indigentia
799 3267 863 3315 orta
883 3255 1021 3328 amicitia,
1036 3257 1126 3334 appli-

120 3348 236 3410 catione
251 3351 343 3428 magis
357 3351 448 3411 animi
466 3371 536 3411 cum
550 3351 681 3429 quodam
695 3370 783 3410 sensu
797 3351 924 3424 amandi,
942 3371 1031 3428 quam
1045 3352 1124 3427 cogi·

110 3446 230 3504 tatione
255 3460 402 3522 quantum
430 3437 481 3510 illa
506 3469 553 3509 res
580 3445 721 3509 utilitatis
738 3459 816 3525 esset
841 3447 984 3510 habitura
1033 3442 1124 3522 Quod
