2476 3824
134 226 176 284 ⁶0
524 219 728 282 marrus
927 213 1068 298 [xxvn
1085 213 1140 277 ἰω

142 349 238 420 omnis
247 348 506 412 estevitasublata
515 347 689 410 iucunditas
712 341 920 422 Mihiquidem
932 344 1038 422 Scipio,
1045 363 1145 422 quam·

140 467 229 524 quam
238 457 282 507 est
290 446 388 507 subito
399 456 525 523 ereptus,
531 444 602 505 vivit
612 454 712 504 tamen
724 461 896 519 semperque
903 441 996 502 vivet:
1009 442 1146 502 virtutem

142 540 222 601 enim
235 540 333 599 amavi
346 540 424 600 illius
436 539 498 615 viri,
514 559 591 617 quae
605 539 750 600 exstincta
766 560 828 600 non
842 551 894 600 est
926 543 992 600 Nec
1005 540 1077 599 mihi
1091 539 1146 599 soli

140 647 273 697 versatur
286 647 355 697 ante
370 639 481 711 oculos,
498 637 548 714 qui
563 637 643 696 illam
657 655 774 712 semper
787 636 818 695 in
832 630 972 696 manibus
983 634 1080 710 habui,
1093 636 1147 695 sed

142 733 232 794 etiam
245 731 371 809 posteris
385 733 438 793 erit
455 735 536 792 clara
554 744 584 794 et
600 732 730 810 insignis
774 733 873 792 Nemo
888 729 1031 809 umquam
1049 732 1148 791 animo
1176 759 1188 799 s

145 840 197 888 aut
211 848 263 905 spe
277 828 390 890 maiora
403 830 544 907 suscipiet
558 829 608 906 qui
625 829 682 890 sibi
695 849 759 889 non
772 828 850 889 illius
868 829 1042 889 memoriam
1060 839 1148 904 atque

78 925 135 984 103
146 924 304 1002 imaginem
318 927 544 1001 proponendam
558 936 650 1002 putet
687 925 837 1002 Equidem
851 945 888 985 ex
900 925 1038 986 omnibus
1052 926 1148 1000 rebus,

145 1040 218 1098 quas
232 1020 305 1080 mihi
318 1032 369 1082 aut
380 1024 498 1082 fortuna
510 1032 560 1081 aut
569 1033 674 1081 natura
681 1021 789 1096 tribuit,
800 1021 873 1080 nihil
884 1022 981 1081 habeo
992 1022 1151 1097 quodcum

144 1117 275 1179 amicitia
295 1118 442 1196 Scipionis
462 1118 575 1195 possim
596 1136 776 1195 comparare.
824 1121 862 1178 In
887 1119 944 1178 bac
965 1119 1038 1181 mihi
1061 1121 1100 1179 de
1120 1137 1151 1178 re

145 1215 266 1292 publica
292 1234 464 1289 consensus,
485 1215 517 1274 in
544 1217 601 1275 hac
621 1235 718 1280 rerum
738 1215 917 1292 privatarum
937 1216 1104 1291 consilium,
1122 1216 1151 1275 in
1168 1249 1192 1280 ιο

146 1312 255 1371 eadem
268 1311 384 1387 requies
398 1313 486 1390 plena
500 1311 707 1373 oblectationis
720 1313 783 1372 fuit.
825 1314 997 1388 Numquam
1018 1312 1100 1371 illurn
1114 1332 1153 1372 ne

147 1407 269 1468 minlma
291 1407 413 1484 quidem
440 1427 471 1469 re
497 1409 619 1482 offendi,
648 1410 731 1485 quod
758 1407 879 1485 quidem
906 1407 1054 1480 senserim,
1079 1409 1153 1466 nihil

87 1577 88 1580 Ἴ
148 1502 249 1562 audivi
262 1522 300 1564 ex
313 1523 350 1564 eo
363 1503 427 1580 ipse
441 1506 524 1580 quod
538 1506 664 1578 nollem3
684 1511 744 1563 una
758 1505 869 1564 domus
879 1514 949 1577 erat,
964 1503 1044 1565 idem
1058 1503 1153 1566 victus

145 1595 231 1674 isque
251 1599 425 1671 communis,
447 1619 543 1675 neque
564 1601 660 1665 solum
680 1586 792 1670 militia,
808 1599 862 1659 sed
879 1598 971 1659 etiam
990 1599 1154 1676 peregrina-

78 1692 170 1753 104t
150 1703 246 1754 tiones
259 1693 523 1771 rusticationesque
536 1713 718 1755 communes
751 1696 830 1754 Nam
844 1693 916 1771 quid
931 1713 987 1770 ego
1000 1696 1039 1755 de
1052 1695 1179 1755 studiis
1170 1725 1194 1764 5

149 1789 247 1850 dicam
261 1791 461 1868 cognoscendi
476 1810 592 1867 semper
604 1789 717 1866 aliquid
733 1801 824 1867 atque
837 1789 1004 1864 discendi,
995 1811 1027 1850 m
1048 1791 1155 1868 quibus

150 1880 257 1947 remoti
271 1888 309 1947 ab
323 1887 417 1947 oculis
430 1887 535 1964 populi
556 1906 645 1947 omne
665 1886 795 1947 otiosum
816 1898 934 1965 ternpus
948 1889 1156 1950 contrivimus?

147 1981 282 2054 Quarum
297 2001 395 2042 rerum
409 1981 575 2042 recordatio
589 1991 619 2042 et
633 1982 777 2042 memoria
796 1982 821 2042 si
840 2001 901 2042 una
920 2003 989 2042 cum
1009 1983 1061 2044 illo
1081 1984 1157 2044 occi·

151 2074 253 2146 disset,
269 2075 448 2137 desiderium
461 2075 696 2137 coniunctissimi
710 2086 799 2153 atque
812 2076 1004 2137 amantissimi
1016 2078 1070 2138 viri
1083 2080 1157 2139 serre

153 2170 236 2228 nullo
251 2171 343 2229 modo
357 2189 484 2246 possem.
528 2170 587 2230 Sed
602 2189 660 2229 nec
674 2170 724 2229 illa
742 2170 888 2230 exstincta
901 2182 970 2230 sunt
983 2173 1158 2247 alunturque
1172 2204 1197 2231 20

151 2260 252 2336 potius
272 2272 302 2320 et
322 2273 467 2338 augentur
487 2261 667 2338 cogitatione
688 2275 718 2323 et
738 2263 879 2323 memoria
898 2283 974 2336 mea,
996 2276 1035 2338 et,
1056 2265 1081 2325 si
1101 2265 1157 2325 illis

151 2356 241 2431 plane
255 2356 376 2416 orbatus
397 2375 500 2428 essem,
516 2376 657 2433 magnum
677 2368 778 2418 tamen
798 2360 881 2423 affert
900 2359 973 2423 mihi
993 2371 1073 2419 aetas
1093 2359 1158 2437 ipsa

137 2452 316 2522 solacium:
338 2453 448 2514 diutius
464 2454 547 2515 enim
564 2454 624 2514 iam
642 2455 673 2514 in
694 2457 752 2515 hoc
770 2456 918 2518 desiderio
935 2476 1000 2518 esse
1017 2477 1079 2517 non
1092 2479 1159 2538 pos-

149 2569 235 2623 ,sum3
255 2549 356 2610 omnia
374 2561 477 2611 autem
496 2549 597 2611 brevia
617 2549 780 2612 tolerabilia
802 2571 869 2617 esse
889 2554 1008 2630 debent,
1024 2554 1113 2615 etiam
1133 2554 1158 2614 si

153 2665 260 2722 magna
274 2657 349 2706 sunt
1174 2681 1198 2719 ας

217 2744 305 2802 Haec
318 2740 408 2803 habui
422 2742 461 2803 de
475 2740 605 2803 amicitia
618 2761 696 2820 quae
709 2729 854 2819 dicerem3
873 2763 927 2804 vos
944 2756 1045 2805 autem
1058 2746 1160 2805 hortor

154 2847 188 2896 ut
201 2835 243 2896 ita
255 2837 394 2898 virtutem
410 2838 524 2914 locetis,
538 2838 601 2899 sine
616 2859 676 2916 qua
694 2839 825 2900 amicitia
842 2860 907 2901 esse
928 2861 989 2901 non
1005 2851 1111 2919 potest,
1126 2852 1159 2903 ut

155 2950 191 2991 ea
204 2944 327 3012 excepta
340 2933 414 2993 nihil
427 2933 555 2994 amicitia
568 2935 772 3013 praestabilius
785 2936 903 3016 putetis
