2476 3824
138 218 269 301 V1124]
478 222 546 282 DE
571 220 796 282 AMICITIA.
1102 231 1138 294 35

138 362 168 411 et
196 351 341 410 secundas
368 370 414 411 res
442 349 657 427 splendidiores
683 349 753 410 facit
780 346 916 422 amicitia,
942 357 972 409 et
994 347 1138 418 adversas,

138 447 266 522 partiens
300 447 591 524 communicansque,
623 447 754 509 leviores
804 449 877 506 VII.
906 448 1046 522 Cumque
1076 447 1139 523 plu·
1155 445 1193 503 2³

137 543 225 602 rimas
253 553 282 604 et
309 542 452 603 maximas
479 543 706 604 commoditates
733 542 862 603 amicitia
887 542 1047 615 contineat,
1075 553 1140 601 tum

137 639 187 699 illa
214 639 353 700 nimirum
378 652 505 717 praestat
529 641 677 714 omnibus,
702 642 784 718 quod
810 642 922 700 bonam
949 660 1033 717 spem
1060 658 1141 716 prae·

110 737 215 802 slucet
235 736 266 796 in
286 749 446 814 posterum,
461 757 517 798 nec
535 737 679 799 debilitari
697 738 811 799 animos
830 748 880 798 aut
898 737 1005 798 cadere
1022 735 1137 814 patitur.

136 835 248 893 Verum
278 835 368 895 etiam
399 834 528 918 amicum
560 835 612 912 qui
642 835 779 907 intuetur,
807 845 960 913 tamquam
992 834 1141 910 exemplar

113 924 114 927 ’
138 929 259 1006 aliquod
273 931 402 992 intuetur
415 932 468 992 sui.
512 931 659 1008 Quocirca
671 943 702 993 et
718 934 854 993 absentes
875 932 983 992 adsunt
1003 941 1033 991 et
1053 949 1144 1007 egen·⁴

136 1033 180 1081 tes
208 1024 360 1084 abundant
388 1035 418 1085 et
444 1023 586 1085 imbecilli
607 1026 704 1085 valent
728 1035 766 1096 et,
788 1025 871 1102 quod
891 1022 1036 1084 difficilius
1057 1022 1138 1083 dictu

136 1128 188 1190 est,
213 1120 322 1180 mortui
339 1120 459 1194 vivunt,
485 1126 583 1181 tantus
605 1141 656 1181 eos
678 1121 774 1182 honos
795 1119 938 1184 memoria
961 1117 1139 1180 desiderium

96 1247 121 1277 10
135 1218 320 1296 prosequitur
340 1219 510 1293 amicorum,
532 1240 569 1282 ex
588 1240 649 1297 quo
669 1220 786 1280 illorum
805 1220 893 1280 beata
912 1237 991 1279 mors
1014 1215 1139 1288 videtur,
1213 1285 1218 1294 ,

136 1313 241 1373 horum
262 1315 322 1375 vita
345 1314 509 1376 laudabilis.
552 1316 643 1391 Quod
661 1314 686 1375 si
707 1315 848 1376 exemeris
866 1334 902 1374 ex
921 1333 1018 1374 rerum
1036 1322 1139 1372 natura

135 1410 361 1472 benevolentiae
374 1410 624 1484 coniunctionem,
640 1430 696 1472 nee
710 1412 818 1471 domus
831 1412 891 1470 ulla
909 1428 965 1470 nec
978 1410 1048 1469 urbs
1062 1420 1138 1469 stare

134 1506 249 1582 poterit,
264 1526 303 1567 ne
316 1506 377 1584 agri
391 1507 512 1584 quidem
526 1509 621 1567 cultus
634 1506 829 1584 permanebit.
856 1508 894 1567 Id
907 1505 932 1566 si
946 1504 1044 1565 minus
1056 1504 1139 1565 intel-

135 1603 244 1681 legitur,
255 1617 367 1682 quanta
379 1605 423 1667 vis
437 1605 583 1666 amicitiae
596 1604 832 1683 concordiaeque
846 1604 892 1678 sit,
902 1623 938 1664 ex
951 1602 1139 1664 dissensioni-

95 1730 119 1767 ις
133 1701 188 1761 bus
202 1713 291 1778 atque
306 1702 460 1763 discordiis
473 1701 584 1780 percipi
604 1714 709 1780 potest.
753 1705 838 1778 Quae
854 1684 935 1762 enirn
953 1702 1060 1760 domus
1076 1710 1137 1758 tam

135 1798 255 1872 stabilis,
266 1819 342 1875 quae
356 1812 417 1860 tam
431 1802 516 1860 firma
529 1800 630 1860 civitas
644 1811 697 1873 est,
707 1819 784 1877 quae
797 1818 858 1860 non
873 1795 949 1858 odiis
963 1807 993 1857 et
1007 1795 1137 1856 discidiis

135 1892 267 1953 funditus
280 1894 374 1970 possit
388 1894 496 1956 everti?
523 1898 568 1955 Ex
582 1915 651 1972 quo,
659 1905 804 1973 quantum
817 1892 890 1954 boni
904 1891 941 1952 sit
954 1892 985 1950 in
999 1890 1135 1962 amicitia,

135 1987 257 2048 iudicari
288 2002 393 2066 potest.
438 1991 660 2069 Agrigentinum
688 1991 809 2067 quidem
837 1991 960 2050 doctum
986 1987 1136 2064 quendam
1151 1987 1190 2045 24

134 2084 229 2143 virum
247 2086 425 2148 carminibus
444 2088 564 2148 Graecis
577 2086 768 2148 vaticinatum
784 2089 891 2160 lerunt,
905 2105 982 2163 quae
995 2085 1026 2144 in
1040 2104 1136 2145 rerum

93 2214 119 2242 20
133 2194 236 2244 natura
255 2195 379 2261 totoque
399 2186 513 2245 mundo
537 2173 705 2245 constarent
726 2204 863 2262 quaeque
886 2179 1081 2255 moverentur,
1101 2202 1137 2242 ea

133 2281 306 2340 contrahere
333 2280 501 2354 amicitiam,
530 2280 670 2357 dissipare
705 2280 890 2341 discordiam.
945 2281 1045 2356 Atque
1077 2280 1136 2341 hoc

133 2372 255 2449 quidem
270 2395 374 2435 omnes
388 2378 526 2436 mortales
539 2388 569 2436 et
583 2376 755 2454 intellegunt
770 2388 799 2437 et
812 2396 843 2436 re
856 2378 990 2452 probant
1020 2379 1135 2451 Itaque,

134 2469 158 2527 si
182 2471 303 2546 quando
327 2470 450 2548 aliquod
472 2471 602 2532 officium
625 2472 734 2532 exstitit
761 2472 848 2531 amici
875 2471 907 2530 in
928 2471 1064 2548 periculis
1085 2482 1136 2533 aut

134 2566 279 2628 adeundis
300 2579 350 2628 aut
371 2568 638 2645 communicandis
654 2569 719 2647 quis
744 2580 788 2631 est
802 2567 853 2646 qui
871 2566 903 2628 id
924 2567 1135 2628 nonmaximis

92 2693 116 2730 25
131 2665 231 2724 efferat
245 2665 404 2726 laudibus?
444 2664 505 2740 Qui
525 2667 668 2727 clamores
681 2677 745 2727 tota
757 2686 848 2727 cavea
860 2685 955 2744 nuper
967 2665 1001 2725 in
1011 2664 1135 2742 hospitis

132 2771 161 2818 et
186 2759 273 2819 amici
294 2760 353 2820 mei
376 2763 419 2821 Μ.
442 2761 552 2823 Pacuvi
580 2781 658 2822 nova
677 2764 783 2837 fabula,
805 2783 874 2822 cum
894 2762 1048 2841 ignorante
1067 2781 1135 2838 rege

131 2867 196 2915 uter
214 2859 335 2932 Orestes
354 2868 438 2930 esset,
462 2859 588 2936 Pylades
608 2861 744 2920 Orestem
763 2878 795 2921 se
815 2879 880 2922 esse
898 2859 1020 2931 diceret,
1032 2869 1065 2918 ut
1080 2878 1135 2935 pro

131 2952 182 3014 illo
195 2967 356 3029 necaretur,
368 2957 487 3016 Orestes
501 2969 609 3030 autem,
621 2956 664 3016 ita
675 2967 710 3018 ut
722 2967 790 3030 erat,
803 2959 939 3020 Orestem
953 2977 985 3017 se
995 2976 1060 3016 esse
1073 2976 1135 3033 per-

131 3057 293 3124 severaret!
331 3056 447 3114 Stantes
470 3055 650 3131 plaudebant
665 3054 697 3114 in
715 3073 747 3114 re
766 3056 852 3118 ficta:
873 3055 945 3132 quid
963 3054 1135 3115 arbitramur

90 3175 116 3212 30
128 3143 159 3201 in
179 3156 254 3203 vera·
268 3146 396 3207 facturos
417 3146 527 3209 fuisse?
568 3147 668 3208 Facile
690 3147 841 3208 indicabat
863 3147 926 3225 ipsa
949 3160 1053 3208 natura
1073 3148 1134 3208 vim

130 3258 223 3312 suam,
241 3260 311 3300 cum
327 3245 472 3318 homines
493 3246 576 3322 quod
593 3247 690 3305 facere
709 3242 766 3322 ipsi
784 3264 845 3306 non
861 3254 990 3322 possent,
1004 3244 1037 3306 id
1054 3257 1134 3307 recte

129 3336 192 3398 fieri
204 3338 236 3397 in
250 3340 340 3400 altero
354 3340 525 3402 iudicarent.

191 3438 347 3507 Hactenus
361 3437 435 3496 mihi
448 3437 551 3498 videor
564 3439 603 3498 de
617 3437 746 3500 amicitia
760 3438 833 3516 quid
851 3436 996 3500 sentirem
1002 3440 1147 3512 qotdxsse

998 3560 1086 3618 ’δ-Ἱ,
