2476 3824
139 219 176 275 28
271 304 273 310 Ι
533 216 731 280 MELIUS
1078 215 1105 297 [l
1121 237 1138 293 3

138 341 298 403 sententias
318 341 479 402 memoriae
500 331 647 416 mandavi,
662 363 736 419 quas
756 343 815 401 hoc
831 341 907 402 libro
927 342 1049 418 exposui
1068 345 1141 403 arbi-

138 450 214 499 tratu
228 458 315 501 meo:
336 439 420 516 quasi
439 438 518 499 enirn
539 438 620 515 ipsos
640 438 743 498 induxi
762 439 920 514 loquentis,
939 458 978 498 ne
994 438 1141 516 ‘inquam'

137 547 167 596 et
182 535 301 612 ‘inquit’
317 536 432 613 saepius
446 535 683 613 interponeretur
696 547 786 612 atque
800 546 832 595 ut
852 545 1005 611 tamquam
1023 556 1042 594 a
1060 556 1142 612 prae-

104 634 270 694 4sentibus
291 654 392 694 coram
407 634 513 694 haberi
532 654 630 695 senno
648 633 803 695 videretur.
848 635 925 694 Cum
948 633 1029 693 enim
1052 653 1141 710 saepe

137 753 257 793 mecum
272 752 381 810 ageres,
397 744 431 793 ut
449 734 488 794 de
508 733 639 793 amicitia
652 733 811 793 scriberem
825 730 948 808 aliquid,
964 732 1053 809 digna
1067 731 1140 790 mihi
1171 745 1190 799 ς

137 850 183 890 res
198 850 265 889 cum
280 829 413 889 omnium
428 829 598 906 cognitione
612 840 675 889 tum
689 840 790 890 nostra
797 828 994 888 familiaritate
1006 829 1069 889 visa
1083 839 1127 888 est
1132 851 1141 903 3

137 926 237 1002 itaque
250 924 306 985 feci
320 943 383 983 non
397 923 506 984 invitus
520 935 553 983 ut
567 926 740 1001 prodessem
754 924 854 985 multis
866 937 971 1002 rogatu
986 936 1047 986 tuo,
1081 926 1141 986 Sed

137 1032 170 1080 ut
194 1021 225 1080 in
249 1023 365 1082 Catone
384 1020 504 1094 maiore,
526 1019 578 1096 qui
599 1032 643 1081 est
664 1020 789 1097 scriptus
810 1023 849 1080 ad
870 1032 899 1079 te
921 1022 959 1080 de
980 1031 1141 1093 senectute,

140 1120 287 1178 Catonem
310 1116 413 1176 induxi
435 1137 539 1176 senem
564 1116 772 1193 disputantem,
795 1117 865 1192 quia
885 1118 966 1176 nulla
988 1117 1143 1177 videbatur

76 1272 78 1276 .
138 1215 233 1290 aptior
245 1234 373 1290 persona
387 1235 463 1291 quae
478 1216 516 1275 de
534 1214 584 1275 illa
598 1226 694 1275 aetate
707 1216 884 1292 loqueretur,
900 1234 990 1290 quarn
1005 1214 1075 1287 eius,
1091 1215 1142 1291 qui
1158 1247 1182 1273 10

138 1322 168 1369 et
182 1310 346 1370 diutissime
361 1330 451 1370 senex
463 1311 563 1371 fuisset
578 1321 607 1370 et
621 1311 653 1369 in
663 1310 728 1388 ipsa
741 1320 892 1371 senectute
900 1322 1014 1386 praeter
1028 1322 1142 1371 ceteros

137 1406 298 1475 floruisset;
321 1405 371 1479 sic,
387 1426 456 1465 cunr
476 1406 694 1483 accepissemus
708 1427 726 1466 a
740 1406 870 1483 patribus
891 1406 1017 1465 maxime
1031 1425 1143 1466 memo·

111 1522 113 1526 ’
138 1502 260 1562 rabilem
275 1504 309 1563 C.
326 1501 409 1561 Laeli
423 1512 452 1561 et
467 1504 498 1561 P.
516 1502 663 1579 Scipionis
682 1502 907 1563 familiaritatem
921 1502 1017 1576 fuisse,
1033 1503 1143 1562 idonea

138 1600 211 1660 mihi
225 1601 307 1660 Laeli
322 1620 449 1677 persona
462 1601 525 1661 visa
539 1612 584 1661 est
598 1621 674 1678 quae
689 1602 727 1661 de
741 1600 871 1661 amicitia
885 1621 921 1661 ea
939 1600 1004 1677 ipsa
1022 1600 1143 1659 dissere-

138 1709 191 1773 ret,
203 1719 280 1776 quae
291 1697 440 1775 disputata
451 1699 489 1758 ab
504 1717 540 1758 eo
554 1698 739 1758 meminisset
752 1700 903 1759 Scaevola
927 1699 1030 1757 Genus
1041 1706 1141 1755 autem
1159 1725 1182 1762 15

138 1796 198 1856 hoc
216 1814 386 1855 sermonum
404 1794 533 1871 positum
550 1793 581 1854 in
600 1794 755 1854 hominum
773 1807 906 1855 ueterum
921 1792 1096 1853 auctoritate
1113 1803 1142 1851 et

139 1911 243 1951 eorum
256 1891 412 1952 illustrium
426 1894 493 1968 plus
506 1893 608 1953 nescio
624 1912 684 1969 quo
698 1903 787 1970 pacto
801 1892 917 1953 videtur
929 1893 1038 1952 habere
1052 1888 1143 1967 gravi-

139 1989 216 2049 tatis.
268 1991 376 2065 Itaque
403 1988 467 2066 ipse
494 2009 563 2050 mea
590 1991 691 2067 legens
721 1989 765 2050 sic
791 1990 904 2050 afficior
930 1989 1087 2062 interdurn,
1110 2000 1143 2047 ut
1222 2014 1224 2019 s

108 2087 124 2144 5
141 2088 296 2158 Catonern,
311 2105 373 2144 non
388 2105 445 2159 me,
462 2087 544 2164 loqui
558 2086 731 2148 existimem.
772 2089 835 2148 Sed
849 2098 881 2146 ut
899 2098 963 2146 tum
984 2086 1022 2144 ad
1041 2104 1142 2144 senem

140 2201 230 2242 senex
252 2184 291 2241 de
315 2192 476 2256 senectute,
495 2183 538 2242 sic
559 2183 618 2242 hoc
640 2183 716 2242 libro
735 2183 776 2242 ad
797 2183 927 2242 amicum
949 2181 1143 2247 amicissimus
1158 2212 1182 2238 ω

51 2344 53 2350 ,
139 2278 242 2356 scripsi
262 2280 300 2338 de
318 2278 455 2338 amicitia
498 2281 577 2338 Tum
594 2289 639 2338 est
657 2281 734 2339 Cato
751 2282 877 2353 locutus,
893 2298 953 2356 quo
972 2289 1034 2365 erat
1052 2297 1142 2337 nemo

139 2380 199 2437 sere
213 2375 312 2436 senior
324 2376 507 2453 temporibus
521 2375 587 2449 illis,
601 2396 692 2436 nerno
710 2376 903 2453 prudentior:
923 2395 1003 2435 nunc
1022 2374 1141 2434 Laelius

139 2485 169 2533 et
191 2472 316 2549 sapiens,
338 2473 382 2532 sic
406 2471 486 2534 enim
510 2485 556 2534 est
571 2472 699 2546 habituS,
722 2483 752 2533 et
771 2472 918 2533 amicitiae
937 2470 1031 2549 gloria
1048 2471 1142 2530 excel-

139 2573 203 2632 lens
217 2571 255 2630 de
268 2568 398 2629 amicitia
410 2571 556 2646 loquetur.
587 2571 635 2628 Tu
648 2568 737 2629 velim
750 2587 769 2628 a
781 2587 830 2627 me
843 2568 975 2626 animum
985 2585 1142 2643 parumper

139 2676 261 2738 avertas,
274 2664 407 2725 Laelium
417 2665 500 2742 loqui
510 2664 607 2741 ipsum
616 2674 711 2741 putes.
734 2665 769 2725 C.
780 2661 910 2722 Fannius
925 2671 956 2721 et
968 2663 1007 2738 Q.
1024 2659 1143 2719 Mucius
1157 2692 1181 2730 25

139 2765 179 2824 ad
202 2781 338 2822 socerum
361 2761 482 2822 veniunt
505 2771 720 2838 postmortem
741 2757 889 2821 Africani:
917 2759 957 2818 ab
978 2757 1024 2820 his
1045 2776 1141 2817 sermo

140 2858 238 2932 oritur,
253 2857 413 2933 respondet
433 2856 561 2930 Laelius,
576 2855 660 2916 cuius
680 2865 744 2915 tota
764 2851 925 2930 disputatio
947 2864 991 2913 est
1013 2852 1050 2912 de
1071 2851 1141 2912 ami·

139 2954 217 3026 citia,
232 2973 322 3030 quam
336 2955 437 3029 legens
450 2963 480 3012 te
494 2952 557 3030 ipse
571 2971 742 3029 cognosces.
924 2941 926 2944 ⁵

101 3054 119 3111 6
201 3054 243 3111 ΙΙ.
270 3053 423 3111 Fruurus
459 3051 533 3110 Sunt
547 3049 611 3122 ista,
628 3047 731 3121 Laeli3
751 3045 901 3107 necenim
916 3045 1020 3106 melior
1031 3043 1075 3104 vir
1088 3045 1142 3106 fuit

140 3147 279 3209 Africano
290 3147 446 3225 quisquam
456 3167 512 3207 nec
521 3146 632 3206 clarion
655 3146 714 3205 Sed
725 3143 891 3205 existimare
903 3145 994 3204 debes
1008 3142 1142 3202 omnium
1156 3175 1181 3212 30

141 3246 244 3304 oculos
258 3244 332 3304 inte
348 3263 411 3304 esse
428 3243 581 3303 coniectos
595 3261 707 3315 unum3
727 3252 758 3301 te
771 3239 934 3317 sapientem
949 3249 978 3299 et
991 3240 1141 3316 appellant

141 3353 171 3401 et
195 3339 369 3400 existimant.
411 3339 609 3400 Tribuebatur
629 3339 688 3398 hoc
712 3339 804 3398 modo
827 3339 870 3397 M.
894 3336 1010 3408 Catoni,
1033 3336 1140 3394 scimus

135 3441 171 3506 L
197 3436 329 3497 Acilium
343 3438 423 3515 apud
439 3449 536 3514 patres
553 3448 668 3498 nostros
686 3437 867 3512 appellatum
885 3453 950 3495 esse
967 3431 1138 3510 sapientem,
