2476 3824
138 233 177 296 54
534 210 734 274 taratros
981 207 1140 292 [xxrrs3

137 342 311 408 consociata
320 365 388 406 cum
402 346 495 406 altera
508 342 681 422 perveniret
705 344 792 419 Quae
804 339 828 403 si
837 361 912 420 quos
925 340 1002 404 inter
1014 340 1142 403 societas

137 453 188 503 aut
208 454 254 503 est
271 452 323 502 aut
342 441 397 501 fuit
417 451 469 501 aut
488 443 586 501 sutura
599 450 652 514 est,
668 459 772 500 eorum
785 449 830 500 est
843 440 999 499 habendus
1013 439 1051 497 ad
1066 458 1143 497 sum·

136 559 219 600 mum
245 550 369 600 naturae
395 540 511 599 bonum
537 536 669 612 optimus
695 536 944 612 beatissimusque
974 533 1139 594 comitatus.

83 639 123 700 84
137 641 227 698 Haec
240 647 293 710 est,
309 637 439 714 inquam,
450 635 584 708 societas,
599 634 631 695 in
644 634 813 712 quaomnia
826 634 934 708 insunt,
945 653 1021 710 quae
1034 643 1142 710 putant

136 733 271 795 homines
283 733 458 811 expetenda,
473 734 614 793 honestas
629 731 722 808 gloria
737 730 933 808 tranquillitas
947 728 1038 789 animi
1052 740 1142 805 atque
1170 760 1183 798 ,ς

136 830 313 901 iucunditas,
332 840 366 889 ut
380 839 419 903 et,
434 847 504 888 cum
518 830 594 889 haec
608 827 714 903 adsint,
734 829 823 888 beata
838 826 899 886 vita
912 826 956 901 sit,
974 836 1003 885 et
1017 824 1081 884 sine
1094 823 1141 884 his

137 946 202 990 esse
222 946 285 988 non
305 926 407 1004 possit.
451 927 544 1002 Quod
562 946 632 986 cum
654 926 800 1003 optimum
819 923 1041 1000 maximumque
1054 922 1100 997 sit,
1116 921 1141 983 si

135 1024 168 1085 id
187 1026 324 1084 volumus
344 1021 478 1100 adipisci,
499 1022 600 1083 virtuti
621 1042 711 1099 opera
728 1021 827 1081 danda
848 1031 899 1095 est,
922 1020 986 1080 sine
1006 1040 1065 1097 qua
1084 1039 1142 1080 nec

136 1119 298 1182 amicitiam
311 1138 410 1195 neque
421 1120 512 1178 ullam
526 1139 587 1178 rem
598 1119 797 1194 expetendam
811 1116 956 1194 consequi
969 1136 1141 1193 possumus:

136 1238 172 1279 ea
191 1237 262 1279 vero
281 1218 418 1294 neglecta
437 1217 489 1293 qui
510 1237 541 1277 se
562 1216 675 1276 amicos
695 1218 805 1277 habere
825 1216 1009 1290 arbitrantur,
1024 1229 1089 1277 tum
1110 1236 1142 1277 se
1157 1249 1183 1277 ιο

136 1315 265 1392 denique
280 1333 391 1375 errasse
405 1313 544 1388 sentiunt,
554 1334 624 1373 cum
639 1335 691 1375 eos
704 1314 799 1392 gravis
813 1313 904 1391 aliqui
916 1333 1002 1373 casus
1017 1314 1142 1391 experiri

83 1413 120 1471 8⁵
135 1411 224 1488 cogit.
267 1409 425 1485 Quocirca,
440 1410 602 1471 dicendum
617 1422 662 1472 est
676 1411 756 1472 enim
770 1410 897 1488 saepius,
908 1430 978 1469 cum
992 1409 1138 1486 iudicaris,

136 1508 257 1584 diligere
278 1517 410 1584 oportet3
439 1527 510 1582 non,
534 1528 603 1567 cum
631 1507 775 1582 dilexeris,
801 1506 941 1567 iudicare.
984 1508 1044 1568 Sed
1071 1528 1140 1568 cum

135 1606 236 1666 multis
249 1607 281 1665 in
294 1606 383 1665 rebus
396 1605 584 1682 neglegentia
597 1606 761 1683 plectimur,
772 1618 836 1666 tum
850 1605 977 1666 maxime
991 1606 1023 1665 in
1037 1606 1140 1668 amicis

136 1712 166 1763 et
180 1703 336 1780 diligendis
350 1714 381 1764 et
399 1701 534 1763 colendis
539 1723 548 1777 3
568 1701 766 1779 praeposteris
784 1702 865 1762 enim
882 1701 993 1761 utimur
1011 1702 1141 1763 consiliis
1156 1733 1181 1772 ις

136 1809 166 1859 et
185 1811 253 1860 acta
270 1799 391 1878 agimus,
407 1801 490 1876 quod
508 1809 644 1859 vetamur
655 1809 755 1860 vetere
774 1797 939 1876 proverbio.
982 1801 1070 1874 Nam,
1086 1799 1140 1859 im-

98 1905 116 1920 *
134 1895 235 1974 plicati
255 1899 332 1958 ultro
353 1909 383 1958 et
403 1898 478 1957 citro
497 1898 545 1957 vel
566 1916 623 1957 usu
644 1897 782 1957 diuturno
798 1897 845 1956 vel
868 1895 957 1956 etiam
971 1897 1082 1972 officiis,
1099 1919 1140 1958 re-

135 2003 225 2068 pente
251 1992 282 2052 in
310 1992 411 2053 medio
438 2012 524 2052 cursu
551 1991 695 2052 amicitias
723 2002 824 2052 exorta
851 1991 950 2068 aliqua
976 1993 1140 2055 offensione

83 2089 121 2146 86
136 2088 364 2166 disrumpimus;
387 2089 527 2169 (XXIII)
541 2109 602 2166 quo
616 2088 706 2149 etiam
721 2088 813 2164 magis
827 2087 1020 2164 vituperanda
1034 2100 1078 2148 est
1098 2089 1140 2150 rei

136 2184 263 2245 maxime
278 2185 459 2246 necessariae
473 2196 557 2245 tanta
570 2185 689 2244 incuria
726 2187 799 2246 Una
813 2196 857 2245 est
872 2183 952 2244 enirn
966 2184 1097 2245 amicitia
1110 2185 1141 2245 in
1155 2217 1180 2245 ω

136 2282 224 2342 rebus
232 2279 376 2355 humanis,
387 2281 427 2340 de
440 2279 525 2339 cuius
539 2279 666 2339 utilitate
680 2299 785 2339 omnes
799 2299 861 2338 uno
874 2298 924 2339 ore
935 2280 1126 2341 consentiunt
1130 2305 1139 2358 3

137 2395 317 2453 quamquam
337 2394 356 2435 a
375 2374 476 2436 multis
496 2374 587 2435 virtus
612 2373 678 2452 ipsa
700 2376 904 2435 contemnitur
927 2386 956 2436 et
976 2376 1140 2438 venditatio

137 2473 284 2550 quaedam
304 2483 394 2549 atque
415 2471 575 2532 ostentatio
596 2491 660 2532 esse
681 2471 802 2546 dicitur;
831 2471 917 2532 multi
939 2471 1055 2532 divitias
1075 2475 1141 2534 des·

136 2567 258 2648 piciunt,
269 2588 343 2645 quos
351 2587 443 2645 parvo
453 2577 611 2627 contentos
620 2566 717 2627 tenuis
726 2566 821 2628 victus
832 2571 988 2644 cultusque
997 2569 1140 2644 delectat3

77 2693 79 2698 ·
136 2666 264 2726 honores
277 2684 354 2739 vero,
366 2683 491 2740 quorum
505 2662 668 2740 cupiditate
683 2663 804 2740 quidam
813 2664 1039 2739 inflammantur,
1052 2685 1141 2742 quam
1155 2696 1179 2735 23

135 2760 222 2821 multi
242 2761 283 2821 ita
299 2769 504 2834 contemnunt,
520 2769 553 2819 ut
570 2759 644 2820 nihil
664 2759 789 2835 inanius,
805 2760 879 2819 nihil
898 2779 962 2820 esse
981 2760 1074 2830 levius
1094 2782 1141 2822 ex-

137 2857 281 2918 istiment!
319 2859 457 2935 Itemque
492 2868 598 2932 cetera,
628 2877 705 2934 quae
740 2859 920 2935 quibusdam
954 2858 1140 2921 admirabilia

135 2957 280 3031 videntur,
295 2955 435 3033 permulti
450 2967 518 3015 sunt
532 2954 583 3032 qui
597 2975 652 3031 pro
672 2955 765 3016 nihilo
784 2965 899 3032 putent
943 2957 991 3016 De
1011 2956 1141 3024 amicitia

136 3073 240 3113 omnes
254 3054 293 3112 ad
307 3071 401 3111 unum
415 3050 496 3110 idem
510 3050 647 3125 sentiunt,
664 3061 694 3111 et
708 3052 736 3111 ei
749 3051 802 3128 qui
815 3052 854 3111 ad
868 3071 930 3111 rem
944 3053 1093 3128 publicam
1108 3074 1140 3116 se

136 3150 332 3222 contulerunt,
349 3158 379 3207 et
399 3146 427 3206 ei
449 3146 500 3223 qui
520 3167 617 3208 rerum
639 3147 811 3224 cognitione
831 3146 1025 3224 doctrinaque
1045 3151 1142 3211 delec·
1155 3184 1181 3222 30

135 3257 241 3320 tantur,
256 3256 287 3306 et
306 3244 335 3306 ei
355 3244 406 3321 qui
427 3264 513 3304 suum
534 3242 686 3321 negotium
705 3254 811 3320 gerunt
831 3243 927 3317 otiosi,
943 3256 1094 3321 postremo
1113 3248 1141 3308 ei

137 3343 188 3421 qui
202 3363 234 3404 se
247 3355 327 3404 totos
337 3343 522 3404 tradiderunt
535 3340 744 3418 voluptatibus,
755 3341 819 3401 sine
832 3340 962 3400 amicitia
974 3341 1065 3403 vitam
1075 3363 1140 3404 esse

131 3441 255 3513 nullam,
281 3439 308 3500 si
330 3439 423 3500 modo
445 3437 537 3503 velint
559 3436 661 3516 aliqua
683 3447 825 3514 exparte
852 3437 1012 3499 liberaliter
1032 3436 1136 3499 vivere.
