2476 3824
95 217 173 278 xrv
186 212 238 296 49]
438 214 507 275 nn
532 212 756 275 AMICITIA.
1057 230 1095 290 43

94 346 275 424 praeclaram
289 329 480 421 sapientiam!
514 343 614 405 Solem
629 342 709 404 enim
723 341 865 403 emundo
879 341 982 402 tollere
995 340 1096 402 viden·

94 453 142 502 tur
155 439 192 512 ei,
207 438 259 518 qui
272 438 433 500 amicitiam
447 458 464 500 e
476 437 538 500 vita
550 440 666 512 tollunt,
677 458 737 515 qua
749 438 824 498 nihil
837 457 856 498 a
870 438 915 499 dis
929 436 1098 499 immortali-

94 539 152 599 bus
172 538 279 598 melius
298 539 452 612 habemus,
466 535 541 595 nihil
560 534 727 597 iucundius
770 536 857 611 Quae
877 546 922 597 est
942 536 1023 596 enim
1042 534 1099 596 ista

95 634 258 697 securitas?
297 633 403 711 Specie
425 632 548 711 quidem
568 633 688 706 blanda,
706 632 759 694 sed
779 651 883 711 reapse
903 633 1004 693 multis
1024 633 1098 693 locis

67 763 80 800 ⁵
93 731 285 808 repudianda.
316 733 424 807 Neque
439 729 519 791 enirn
534 740 578 790 est
591 740 824 790 consentaneum
837 731 929 790 ullam
942 731 1099 792 honestam

94 848 157 889 rem
171 827 368 903 actionemve,
382 846 421 888 ne
435 825 578 888 sollicitus
597 825 645 902 sis,
660 837 712 887 aut
729 845 791 887 non
805 827 954 904 suscipere
972 838 1024 888 aut
1037 846 1097 887 sus
1191 826 1195 833 ’

95 937 214 1004 ceptam
228 927 387 1003 deponere.
430 925 522 1001 Quod
541 926 566 986 si
580 945 681 986 curam
700 925 838 1001 fugimus,
852 924 944 985 virtus
958 923 1098 1002 fugienda

95 1033 148 1097 est,
173 1041 251 1099 quae
275 1040 396 1082 necesse
421 1031 466 1081 est
487 1040 557 1080 cum
581 1019 680 1098 aliqua
703 1040 774 1080 cura
793 1039 840 1080 res
862 1019 919 1080 sibi
938 1021 1097 1082 contrarias
1189 1077 1191 1081 .

94 1130 267 1197 aspernetur
287 1129 377 1196 atque
401 1117 506 1193 oderit,
529 1129 563 1179 ut
587 1119 704 1180 bonitas
726 1116 876 1192 malitiam,
905 1119 1099 1194 temperantia

55 1248 81 1278 ιο
93 1216 255 1290 libidinem,
271 1214 419 1294 ignaviam
436 1215 587 1276 fortitudo.
631 1217 739 1291 Itaque
756 1213 859 1276 videas
875 1214 964 1275 rebus
983 1213 1098 1274 iniustis

95 1313 189 1374 iustos
205 1313 332 1374 maxime
353 1313 462 1386 dolere,
477 1311 647 1373 imbellibus
661 1311 751 1386 fortis,
767 1311 918 1390 flagitiosis
935 1315 1095 1374 modestos.

95 1413 174 1490 Ergo
189 1414 248 1472 hoc
257 1410 409 1488 proprium
424 1424 469 1471 est
482 1409 575 1469 animi
587 1412 665 1470 bene
679 1409 841 1484 constituti,
853 1421 883 1470 et
896 1409 997 1470 laetari
1011 1409 1098 1470 bonis

94 1511 182 1570 rebus
196 1520 226 1570 et
240 1510 341 1569 dolere
355 1507 516 1569 contrariis.
559 1509 660 1584 Quam
677 1509 717 1568 ob
731 1526 793 1568 rem
808 1506 833 1566 si
847 1505 926 1566 cadit
940 1505 971 1566 in
986 1507 1099 1583 sapien·
1112 1505 1152 1566 48

95 1618 157 1666 tem
184 1604 279 1666 animi
301 1606 394 1679 dolor,
419 1605 471 1681 qui
494 1606 628 1682 prolecto
653 1603 742 1678 cadit,
768 1602 825 1664 nisi
845 1623 887 1664 ex
910 1602 973 1664 eius
997 1602 1098 1664 animo

55 1735 79 1774 ις
93 1704 283 1782 exstirpatam
310 1703 525 1763 humanitatem
552 1701 735 1774 arbitramur,
759 1720 838 1779 quae
858 1720 948 1762 causa
975 1711 1020 1762 est
1046 1721 1100 1760 cur

94 1796 255 1858 amicitiam
274 1796 407 1856 funditus
425 1796 565 1856 tollamus
580 1814 601 1855 e
621 1794 690 1867 vita,
702 1813 742 1854 ne
759 1794 873 1870 aliquas
893 1803 1014 1870 propter
1030 1812 1097 1854 earn

95 1893 289 1972 suscipiamus
303 1892 475 1953 molestias?
509 1890 592 1967 Quid
603 1890 683 1951 enim
696 1891 817 1950 interest
831 1900 915 1950 motu
929 1887 1019 1948 animi
1033 1891 1098 1950 sub
1151 1967 1154 1973 ,

95 1990 305 2065 lat0,nondico
316 1990 547 2066 interpecudem
557 1985 1057 2059 ethominem,sedinterhominem
1068 1998 1098 2047 et

94 2099 232 2149 truncum
242 2099 293 2147 aut
303 2107 406 2146 saxum
414 2096 466 2146 aut
474 2084 591 2162 quidvis
602 2083 717 2163 generis
727 2082 878 2145 eiusdem?
899 2084 1007 2160 Neque
1017 2083 1097 2144 enim

54 2220 80 2249 ω
93 2200 162 2250 sunt
175 2187 223 2248 isti
236 2185 386 2261 audiendi,
402 2185 454 2263 qui
467 2186 605 2247 virtutem
619 2186 723 2246 duram
742 2195 772 2246 et
788 2184 873 2262 quasi
891 2187 1014 2245 ferream
1033 2205 1098 2246 esse

95 2287 246 2363 quandam
260 2286 383 2347 volunt:
405 2303 481 2361 quae
492 2283 618 2361 quidem
632 2293 677 2344 est
690 2302 759 2343 curn
772 2281 873 2342 multis
886 2282 918 2342 in
930 2284 1019 2342 rebus
1032 2293 1097 2343 tum

95 2384 126 2443 in
140 2382 270 2443 amicitia
284 2394 385 2442 tenera
402 2393 492 2459 atque
513 2380 680 2454 tractabilis,
696 2391 730 2441 ut
751 2391 781 2440 et
798 2378 886 2440 bonis
904 2378 993 2438 amici
1014 2378 1098 2455 quasi

94 2479 278 2541 diffundatur
291 2488 322 2538 et
336 2477 534 2538 incommodis
548 2479 745 2538 contrahatur.
769 2479 868 2554 Quam
878 2478 919 2538 ob
933 2497 995 2538 rem
1005 2497 1098 2555 angor

94 2578 158 2648 iste,
174 2575 225 2653 qui
238 2594 292 2652 pro
306 2575 402 2635 amico
417 2594 506 2652 saepe
516 2575 679 2652 capiendus
694 2584 746 2648 est,
761 2593 823 2634 non
834 2584 950 2634 tantum
963 2576 1049 2650 valet,
1065 2590 1097 2636 ut

54 2706 79 2743 25
94 2675 177 2734 tollat
192 2693 208 2735 e
222 2673 283 2733 vita
301 2671 470 2746 amicitiam,
486 2691 547 2733 non
561 2674 627 2750 plus
645 2691 734 2749 quam
754 2682 787 2732 ut
800 2672 931 2747 virtutes,
947 2672 1016 2750 quia
1033 2694 1096 2736 non

93 2772 189 2830 nullas
203 2790 287 2830 curas
301 2783 331 2830 et
345 2769 493 2830 molestias
507 2771 641 2844 afferunt,
651 2768 847 2847 repudientur.

154 2870 237 2928 XIV.
283 2869 361 2928 Cum
375 2876 475 2926 autem
488 2867 643 2926 contrahat
657 2864 827 2941 amicitiam,
841 2878 875 2927 ut
889 2886 977 2945 supra
990 2867 1060 2944 dixi,
1072 2873 1097 2931 si

94 2983 178 3040 quasi
195 2963 370 3040 significatio
383 2960 497 3023 virtutis
517 2948 639 3035 eluceat,
654 2962 694 3022 ad
712 2981 802 3039 quam
819 2982 851 3024 se
865 2964 967 3025 similis
980 2964 1097 3026 animus

94 3058 223 3136 applicet
236 3070 266 3118 et
279 3058 431 3136 adiungat,
446 3057 477 3117 id
489 3077 557 3119 cum
572 3058 704 3136 contigit,
717 3079 801 3121 arnor
814 3060 961 3122 exoriatur
974 3080 1097 3124 necesse

53 3189 80 3230 30
96 3166 148 3216 est.
192 3155 273 3231 Quid
289 3155 369 3216 enim
383 3166 444 3215 tam
457 3156 619 3216 absurdum
635 3175 726 3232 quam
736 3156 876 3218 delectari
892 3158 993 3219 multis
1006 3159 1098 3221 inani·
1110 3162 1149 3222 49

94 3253 151 3311 bus
164 3250 260 3323 rebus,
275 3260 308 3309 ut
326 3251 449 3325 honore,
463 3260 497 3310 ut
510 3249 610 3328 gloria,
626 3261 659 3310 ut
672 3251 818 3326 aedificio,
833 3263 867 3313 ut
885 3253 993 3314 vestitu
1006 3257 1097 3315 cultu-

94 3366 154 3424 que
176 3345 324 3423 corporis:
354 3347 506 3409 animante
523 3348 630 3408 virtute
646 3349 789 3425 praedito,
810 3369 848 3412 eo
862 3350 913 3427 qui
932 3352 980 3412 vel
997 3371 1096 3413 amare

93 3445 149 3518 vel,
164 3453 198 3503 ut
211 3441 252 3504 ita
265 3442 371 3520 dicam,
386 3445 540 3506 redamare
557 3443 661 3524 possit,
676 3463 738 3506 non
750 3445 915 3507 admodum
936 3447 1099 3509 delectare
