2476 3824
151 238 187 298 52
489 274 491 282 ,
546 219 746 281 inerms
1008 211 1101 299 [xxi
1118 221 1156 293 7⁶

151 353 318 429 Erumpimt
330 368 420 428 saepe
433 348 504 411 'vitia
517 349 682 411 amicorum
696 359 760 410 tum
773 346 805 408 in
819 345 900 425 ipsos
914 347 1035 423 amicos,
1050 359 1113 408 tum
1124 347 1158 409 in

150 447 273 521 alienos,
288 465 414 524 quorum
427 457 529 507 tamen
545 448 585 506 ad
599 445 712 506 amicos
727 446 877 506 redundet
895 445 1024 504 infamia.
1066 447 1158 506 Tales

101 579 102 582 κ
150 544 238 623 igitur
245 545 391 606 amicitiae
401 556 470 606 sunt
482 539 657 606 remissione
671 565 740 605 usus
750 547 896 606 eluendae
910 556 948 618 et,
960 556 993 606 ut
1008 547 1158 606 Catonem

150 641 250 705 dicere
276 640 385 714 audivi,
408 641 586 702 dissuendae
612 641 707 719 magis
735 661 826 718 quam
853 641 1076 714 discindendae,
1098 641 1158 702 nisi

150 738 299 815 quaedam
319 739 485 799 admodum
504 737 697 798 intolerabilis
718 736 824 797 iniuria
843 737 991 811 exarserit,
1006 748 1039 797 ut
1058 756 1159 814 neque
1187 768 1200 808 ς

150 845 264 895 rectum
285 850 383 911 neque
403 836 562 895 honestum
584 833 621 894 sit
641 853 698 894 nec
718 833 782 894 fieri
801 834 895 911 possit
918 844 952 894 ut
972 854 1035 895 non
1058 834 1159 896 statim

99 934 136 994 tl
151 932 292 994 alienatio
312 933 532 1010 disiunctioque
550 931 688 993 facienda
709 933 754 993 sit
797 932 849 993 Sin
862 942 962 991 autem
976 942 1027 992 aut
1040 951 1158 994 morum

153 1042 203 1091 aut
217 1030 383 1092 studiorum
396 1029 592 1091 commutatio
607 1031 765 1108 quaedam,
780 1040 813 1089 ut
828 1029 891 1089 fieri
904 1031 987 1104 solet,
1003 1030 1081 1090 facta
1093 1029 1157 1107 erit,

153 1139 203 1188 aut
223 1128 255 1188 in
274 1128 317 1189 rei
337 1128 474 1206 publicae
494 1129 626 1206 partibus
647 1128 795 1189 dissensio
815 1127 1160 1207 intercesserit-loquor

153 1222 233 1283 enim
255 1222 323 1297 iarn,
348 1233 381 1284 ut
404 1225 496 1300 paulo
516 1235 586 1284 ante
607 1224 678 1295 dixi,
699 1244 762 1284 nou
783 1224 821 1285 de
842 1223 1017 1301 sapientum,
1039 1227 1093 1285 sed
1120 1229 1160 1288 de
1175 1258 1201 1288 ιο

153 1321 362 1381 communibus
384 1318 728 1382 amicitiis—cavendum
751 1320 805 1382 erit
827 1340 866 1381 ne
887 1340 949 1380 non
971 1323 1068 1381 solum
1088 1323 1160 1382 ami·

153 1416 240 1478 citiae
260 1418 425 1494 depositae,
440 1418 495 1477 sed
516 1418 605 1478 etiam
627 1416 798 1477 inimicitiae
819 1427 975 1494 susceptae
994 1417 1156 1479 videantur.

154 1512 237 1573 Nihil
251 1514 331 1574 enirn
346 1523 391 1574 est
405 1513 517 1590 turpius
531 1533 621 1590 quam
635 1532 704 1572 curn
720 1531 758 1574 eo
773 1514 885 1573 bellum
903 1532 1012 1589 gerere,
1028 1532 1159 1590 quocum

152 1611 335 1672 familiariter
348 1612 461 1673 vixeris.
504 1613 553 1672 Ab
567 1610 698 1672 amicitia
712 1613 748 1686 Q.
766 1610 892 1688 Pompei
906 1630 976 1670 meo
989 1609 1112 1672 nomine
1126 1631 1159 1674 se

153 1719 326 1782 removerat,
348 1719 381 1768 ut
404 1707 493 1781 scitis,
519 1705 619 1784 Scipio
624 1727 634 1781 3
662 1718 784 1784 propter
807 1705 1026 1767 dissensionem
1050 1719 1159 1783 autem,
1175 1740 1201 1779 15

155 1824 231 1882 quae
245 1816 307 1866 erat
320 1806 351 1865 in
364 1825 396 1866 re
409 1805 538 1883 publica,
548 1804 693 1865 alienatus
705 1816 749 1865 est
758 1824 776 1865 a
784 1806 898 1882 collega
908 1814 1010 1866 nostro
1019 1807 1158 1868 Metello:

153 1912 311 1981 utrumque
325 1901 384 1979 egit
397 1902 523 1978 graviter
535 1920 572 1961 ac
585 1902 738 1961 moderate
754 1911 782 1962 et
801 1900 966 1962 offensione
980 1900 1072 1960 animi
1097 1918 1160 1961 non

102 1999 140 2056 78
154 2000 268 2059 acerba
312 2001 410 2075 Quam
429 2001 470 2061 ob
490 2019 554 2060 rem
573 1999 703 2078 primum
725 2001 826 2061 danda
846 2019 938 2077 opera
958 2010 1003 2059 est
1023 2019 1062 2059 ne
1083 2019 1160 2076 quae

154 2093 317 2153 amicorum
327 2093 452 2155 discidia
459 2097 547 2156 fiant:
561 2095 607 2155 sin
617 2096 677 2156 tale
687 2095 799 2172 aliquid
808 2095 948 2168 evenerit,
954 2105 986 2154 ut
998 2095 1160 2156 exstinctae

155 2191 254 2267 potius
268 2191 414 2252 amicitiae
429 2212 519 2269 quarn
533 2213 693 2270 oppressae
707 2213 773 2255 esse
786 2194 950 2254 videantur.
988 2194 1162 2254 Cavendum
1175 2224 1202 2254 ω

155 2309 279 2351 verone
293 2289 382 2350 etiam
392 2290 423 2349 in
437 2290 532 2367 gravis
546 2290 714 2352 inimicitias
723 2302 898 2353 convertant
911 2311 943 2352 se
956 2290 1111 2364 amicitiae,
1122 2311 1161 2351 ex

156 2385 263 2463 quibus
277 2385 370 2464 iurgia
382 2386 540 2446 maledicta
553 2387 750 2448 contumeliae
764 2386 930 2465 gignuntur.
961 2388 1045 2462 Quae
1059 2397 1161 2446 tamen

156 2482 182 2543 si
208 2483 375 2544 tolerabiles
403 2495 496 2558 erunt,
525 2485 665 2544 ferendae
694 2495 763 2544 sunt
790 2495 821 2545 et
854 2483 903 2543 hic
937 2484 1035 2544 honos
1068 2484 1162 2544 veteri

156 2581 304 2643 amicitiae
317 2581 499 2655 tribuendus,
514 2591 548 2640 ut
566 2581 591 2642 is
605 2581 637 2640 in
652 2583 740 2660 culpa
762 2580 799 2641 sit
813 2581 863 2658 qui
878 2580 975 2656 faciat,
990 2599 1052 2640 non
1071 2581 1096 2640 is
1110 2580 1162 2657 qui

156 2680 286 2759 patiatur
298 2679 442 2740 iniuriam.
1176 2711 1202 2750 ις

219 2776 352 2839 Omnino
373 2776 508 2838 omnium
521 2778 628 2837 horum
642 2776 780 2837 vitiorum
801 2787 890 2854 atque
903 2776 1162 2838 incommodorum

157 2892 218 2934 una
231 2872 331 2933 cautio
345 2884 390 2932 est
404 2883 495 2950 atque
513 2892 574 2933 una
592 2871 730 2949 provisio,
747 2882 780 2932 ut
797 2892 836 2932 ne
855 2872 944 2959 nimis
962 2871 1023 2932 cito
1041 2873 1162 2948 diligere

106 2972 143 3032 79
158 2970 302 3048 incipiant
328 2989 404 3030 neve
432 2990 493 3030 non
522 2970 637 3048 dignos.
681 2968 774 3044 Digni
801 2979 900 3028 autem
928 2978 996 3028 sunt
1023 2968 1161 3042 amicitia,

159 3069 267 3146 quibus
287 3068 318 3127 in
339 3067 411 3145 ipsis
427 3068 504 3128 inest
521 3088 611 3128 causa
630 3087 682 3126 cur
699 3067 871 3143 diligantur:
891 3085 987 3124 rarum
1006 3085 1099 3142 genus
1104 3087 1113 3141 ;
1133 3078 1164 3126 et

158 3165 280 3242 quidem
294 3164 395 3226 omnia
412 3166 563 3241 praeclara
575 3184 648 3237 rara,
664 3182 721 3222 nec
740 3161 901 3238 quicquam
915 3161 1062 3221 difficilius
1076 3181 1165 3238 quam
1178 3193 1204 3230 30

158 3261 283 3338 reperire
298 3263 380 3338 quod
394 3261 432 3321 sit
446 3260 529 3321 omni
538 3280 575 3320 ex
584 3270 668 3337 parte
677 3259 707 3318 in
719 3278 773 3319 suo
783 3277 892 3334 genere
901 3259 1072 3334 perfectum.
1103 3258 1163 3318 Sed

157 3355 290 3432 plerique
310 3376 410 3433 neque
430 3357 463 3417 in
482 3358 571 3417 rebus
592 3355 729 3415 humanis
745 3353 903 3431 quicquam
919 3354 1034 3415 bonum
1054 3367 1164 3416 norunt

152 3449 213 3506 nisi
234 3449 315 3523 quod
336 3454 519 3513 fructuosum
541 3452 585 3526 sit,
603 3461 633 3512 et
652 3449 765 3510 amicos
786 3460 938 3524 tamquam
958 3450 1090 3525 pecudes
1111 3468 1164 3510 eos
