2476 3824
122 176 197 279 ‘aa
498 207 514 261 .·
538 205 797 271 ·ῑΑΕι]υ5ῑ··’
992 201 1160 285 [xvuszt

97 335 134 393 63
149 333 292 396 iudicium
305 333 450 414 'tollitque
475 336 648 414 experiendi
669 342 856 415 potestatem.
881 367 883 370 ⁴
909 338 963 397 Est
981 335 1069 414 igitur
1086 347 1153 414 pru-

149 431 247 492 dentis
262 433 405 494 sustinere
424 444 457 494 ut
473 454 602 508 cursum,
618 434 660 495 sic
678 435 823 512 impetum
840 433 1076 508 benevolentiae,
1092 454 1160 511 quo-

148 542 273 606 utamur‚
295 533 381 610 quasi
401 533 486 610 equis
504 533 664 611 temptatis,
687 533 729 594 sic
747 532 877 593 amicitia
895 552 933 593 ex
951 532 1050 609 aliqua
1069 517 1159 608 parte,

147 629 317 706 periclitatis
345 630 477 690 moribus
504 630 677 691 amicorum.
729 629 860 704 Quidam
887 647 977 704 saepe
1004 627 1036 687 in
1062 647 1159 705 parva>

147 726 275 803 pecunia
288 726 505 803 perspiciuntur
518 747 609 804 quam
629 727 797 801 sintleves3
818 725 941 804 quidam
954 735 1062 797 autem,
1077 735 1152 801 quos
1181 755 1193 793 ⁵

147 841 238 899 parva
250 842 370 884 movere
384 843 446 884 non
459 824 564 901 potuit,
580 825 801 901 cognoscuntur
813 823 844 882 in
858 841 973 898 magna.
1017 822 1069 883 Sin
1081 831 1152 882 vero

149 931 235 983 emnt
248 920 340 999 aliqui
353 923 461 1000 reperti
483 922 534 1000 qui
554 919 712 999 pecuniam
729 923 875 998 praeferre
893 920 1041 981 amicitiae
1063 920 1153 980 sordi-

148 1019 221 1078 dum
235 1018 411 1093 existiment,
426 1018 478 1080 ubi
492 1011 546 1080 eos
555 1018 748 1093 inveniemus
760 1018 811 1095 qui
824 1019 953 1078 honores
967 1017 1152 1096 magistratus

148 1117 284 1200 imperia
291 1127 454 1194 potestates
473 1137 546 1194 opes
567 1117 714 1177 amicitiae
735 1137 796 1176 non
818 1126 1011 1193 anteponant,
1028 1127 1069 1188 ut,
1085 1136 1152 1175 cum

147 1233 185 1273 ex
204 1215 297 1274 altera
315 1223 398 1290 parte
416 1213 569 1291 proposita
587 1203 666 1273 haec
684 1213 750 1288 sint,
767 1228 804 1273 ex
820 1213 912 1272 altera
933 1212 979 1272 ius
997 1210 1152 1283 amicitiae,
1169 1243 1193 1271 ιο

147 1328 210 1371 uon
226 1313 321 1372 multo
338 1311 389 1371 illa
406 1311 528 1370 malint?
543 1349 545 1353 -
570 1310 726 1370 Imbecilla
743 1308 823 1370 enim
842 1319 887 1370 est
905 1320 1010 1368 natura
1028 1309 1067 1367 ad
1082 1315 1153 1368 con-

146 1409 340 1469 temnendam
353 1408 532 1486 potentiam:
553 1427 644 1484 quam
659 1407 749 1468 etiam
759 1407 784 1467 si
797 1409 931 1485 neglecta
939 1405 1069 1466 amicitia
1082 1426 1152 1466 con-

148 1505 242 1566 secuti
255 1506 322 1578 sint,
338 1507 529 1567 obscuratum
547 1503 781 1579 inluminantur,
797 1499 868 1581 quia
884 1523 947 1564 non
966 1503 1029 1562 sine
1044 1521 1153 1579 magna

95 1603 134 1664 64
147 1623 237 1663 cansa
251 1602 289 1664 sit
302 1605 438 1680 neglecta
447 1601 585 1663 amicitia.
608 1604 716 1679 Itaque
725 1619 812 1662 verae
819 1599 970 1661 amicitiae
981 1598 1152 1660 difficillime

146 1699 332 1777 reperiuntur
345 1698 376 1758 in
391 1698 441 1774 eis,
457 1696 555 1775 quiin
570 1694 734 1757 honoribus
746 1716 838 1774 reque
856 1696 976 1773 publica
989 1705 1148 1756 versantur.
1167 1725 1191 1762 15

147 1796 210 1858 Ubi
225 1795 305 1865 enim
314 1795 408 1854 ‘istum
418 1795 560 1869 invenias,
576 1793 628 1872 qui
642 1795 787 1854 honorem
801 1792 890 1853 amici
903 1801 1066 1868 anteponat
1080 1795 1151 1852 suo?

147 1893 247 1971 Quid?
287 1894 363 1954 haec
376 1904 409 1954 ut
419 1893 568 1967 omittam,
583 1913 674 1970 quam
692 1912 804 1970 graves,
819 1911 910 1970 quam
930 1891 1064 1951 difficiles
1078 1893 1152 1967 pler-

147 1977 232 2067 isque
246 1988 385 2051 videntur
397 1989 599 2050 calamitatum
613 1988 779 2062 societates
790 1990 830 2048 ad
844 2008 918 2066 quas
931 2008 993 2048 non
1007 1998 1053 2048 est
1066 1988 1151 2047 facile

146 2088 269 2149 inventu
283 2087 335 2165 qui
348 2089 539 2149 descendant.
584 2089 774 2164 Quamquam
786 2080 901 2146 Ennius
915 2096 1012 2148 recte:

347 2186 469 2244 Amicus
480 2192 571 2244 certus
583 2186 615 2244 in
628 2205 661 2244 re
673 2186 777 2244 incerta
790 2183 932 2253 cernitur,·
980 2202 982 2206 ⁸

63 2329 64 2333 ,
147 2296 247 2345 tamen
255 2284 329 2344 haec
343 2283 404 2344 duo
418 2283 544 2344 levitatis
555 2293 585 2343 et
598 2280 775 2343 infirmitatis
788 2282 946 2359 plerosque
960 2279 1149 2353 convincunt,

146 2391 198 2442 aut
211 2380 237 2440 si
250 2381 282 2440 in
295 2380 382 2442 bonis
395 2382 484 2441 rebus
498 2368 697 2440 contemnunt
710 2389 761 2439 aut
775 2377 806 2437 in
819 2377 905 2438 malis
918 2376 1069 2438 deserunt.
1091 2378 1152 2454 Qui

101 2507 103 2511 .
146 2476 234 2555 igitur
259 2486 386 2554 utraque
411 2475 443 2536 in
469 2497 502 2538 re
528 2496 649 2554 gravem
682 2485 884 2536 constantem·
898 2473 1033 2534 stabilem
1061 2494 1093 2535 se
1120 2474 1152 2534 in

146 2573 278 2635 amicitia
295 2573 485 2652 praestiterit,
493 2575 575 2635 hunc
593 2594 631 2635 ex
650 2563 778 2634 maxime
797 2592 863 2635 raro
875 2592 983 2650 genere
997 2573 1151 2633 hominum

147 2672 277 2734 iudicare
291 2673 434 2733 debemus
448 2682 479 2731 et
491 2658 588 2750 paene
601 2671 711 2733 divino
1060 2667 1062 2672 ’
1168 2699 1192 2736 25

95 2773 132 2832 65
153 2790 157 2801 ’
207 2773 328 2831 XVIII.
370 2771 604 2831 Firmamentum
614 2782 714 2832 autem
728 2757 894 2831 stabilitatis
907 2767 1152 2844 constantiaeque

115 2859 121 2874 ⁸
149 2874 195 2950 est
208 2862 273 2924 eius
287 2881 378 2940 quern
392 2862 423 2923 in
441 2862 573 2924 amicitia
591 2863 877 2940 quaerimusfidess
904 2857 988 2920 Nihil
1006 2872 1052 2922 est
1072 2862 1153 2921 enim

147 2960 262 3034 stabile,
278 2962 362 3038 quod
374 2958 500 3021 infidum
514 2972 566 3041 est.
610 2961 781 3038 simplicem
801 2969 954 3038 praeterea
974 2970 1005 3020 et
1021 2978 1153 3020 commu-

146 3078 217 3120 nem
239 3070 269 3120 et
290 3058 536 3133 consentientem,
558 3059 592 3120 id
615 3070 668 3135 est,
694 3059 745 3136 qui
763 3050 851 3120 rebus
869 3057 964 3118 isdem
989 3068 1152 3130 moveatur,

147 3152 223 3230 elegi
241 3172 296 3230 par
309 3163 354 3214 est
360 3174 370 3228 3
390 3172 468 3230 quae
485 3154 587 3213 omnia
600 3153 748 3230 pertinent
765 3155 805 3213 ad
818 3151 1002 3212 fidelitatem.
1044 3153 1153 3229 Neque
1168 3185 1194 3222 30

147 3247 228 3307 enirn
250 3249 344 3308 fidum
362 3258 461 3325 potest
483 3268 549 3309 esse
571 3248 727 3326 multiplex
747 3246 900 3325 ingenium
922 3256 953 3307 et
975 3257 1151 3319 tortuosum,

146 3362 245 3421 neque
265 3366 344 3419 vero,
367 3345 500 3422 quinon
520 3346 617 3405 isdem
637 3347 725 3405 rebus
745 3355 881 3405 movetur
899 3346 1064 3420 naturaque
1083 3362 1153 3402 con·

138 3439 241 3510 sentit,
257 3451 312 3500 ant
323 3442 403 3501 fidus
417 3452 469 3508 aut
484 3441 598 3501 stabilis
612 3452 710 3519 potest
730 3461 803 3511 esse.
845 3441 1027 3501 Addendum
1044 3441 1152 3501 eodem
