2476 3824
113 190 284 302 xxrv'a9]
454 211 536 282 De
548 218 772 283 AMICITIA.
1075 226 1112 300 55

113 339 208 430 Serpit
221 353 301 414 enim
315 339 496 430 nescioquo
506 354 599 413 modo
613 373 666 430 per
679 351 813 413 omnium
826 347 902 413 vitas
915 347 1045 412 amicitia
1057 369 1114 412 nec
1127 350 1167 412 87

111 451 203 509 ullam
217 449 321 511 aetatis
342 451 497 526 degendae
512 441 659 510 rationem
679 448 788 527 patitur
808 468 873 510 esse
889 459 1040 525 expertem
1059 439 1113 510 sui,

112 545 194 620 Quin
207 547 297 607 etiam
312 544 338 607 si
352 546 418 623 quis
432 545 591 623 asperitate
611 565 648 606 ea
667 557 713 607 est
733 556 763 606 et
781 545 964 605 immanitate
983 556 1112 622 naturae,

111 660 286 720 congressus
306 652 340 702 ut
359 641 515 702 hominum
536 640 627 718 fugiat
647 653 736 718 atque
757 640 861 714 oderit,
884 641 1002 717 qualem
1025 640 1115 702 fuisse

78 762 98 805 ts
112 733 238 797 Athenis
251 737 412 797 Timonem
426 736 527 797 nescio
541 756 630 813 quem
641 736 818 812 accepimus,
831 746 932 795 tamen
945 734 970 794 is
980 735 1042 812 pati
1052 755 1114 795 non

110 833 212 910 possit,
234 844 350 895 utnon
370 834 505 911 anquirat
526 835 665 911 aliquem,
686 835 767 910 apud
788 852 877 910 quern
898 844 1016 893 evomat
1035 832 1114 894 virus

111 929 277 991 acerbitatis
291 950 369 991 suae.
410 934 511 1008 Atque
524 933 582 991 hoc
596 931 724 991 maxime
738 930 921 1004 iudicaretur,
931 929 955 990 si
970 929 1042 1007 quid
1056 932 1115 990 tale

110 1027 204 1104 possit
222 1027 402 1105 contingere,-
416 1039 449 1088 ut
466 1027 574 1104 aliquis
596 1047 652 1088 nos
673 1029 748 1086 deus
766 1046 802 1086 ex
820 1027 877 1084 hac
893 1027 1047 1085 hominum
1060 1028 1116 1087 fre·¹

89 1172 91 1175 .
110 1124 231 1201 quentia
244 1127 359 1186 tolleret
373 1135 403 1185 et
416 1125 448 1184 in
466 1125 626 1186 solitudine
646 1124 762 1201 uspiam
782 1125 940 1184 collocaret
956 1136 1045 1200 atque
1061 1123 1112 1198 ibi,

71 1248 96 1279 ιο
109 1222 303 1299 suppeditans
327 1222 460 1283 omnium
486 1243 596 1297 rerum,
622 1243 695 1299 quas
721 1233 826 1282 natura
846 1222 1000 1295 desiderat,
1023 1223 1116 1282 abun·

110 1317 241 1378 dantiam
261 1330 292 1379 et
312 1319 439 1397 copiam,
461 1320 590 1381 hominis
611 1321 733 1380 omnino
753 1318 917 1396 aspiciendi
936 1330 1113 1396 potestatem
1164 1366 1165 1369 ,

110 1414 243 1491 eriperet
287 1417 362 1493 Quis
375 1427 437 1477 tam
452 1429 529 1479 esset
543 1420 653 1479 ferreus
667 1417 720 1495 qui
740 1437 807 1478 eam
819 1416 910 1477 vitam
924 1417 999 1476 ferre
1011 1427 1114 1492 posset

110 1512 217 1590 cuique
233 1534 295 1575 non
313 1517 440 1577 auferret
459 1518 587 1577 fructum
606 1518 791 1594 voluptatum
812 1515 946 1576 omnium
967 1517 1114 1577 solitudo?

109 1614 220 1670 Verum
239 1631 309 1689 ergo
329 1612 403 1672 illud
423 1623 479 1688 est,-
493 1615 607 1690 quoda
621 1613 783 1673 Tarentino
796 1613 935 1690 Archyta,
950 1623 983 1673 ut
997 1613 1114 1690 opinor,·
1126 1614 1164 1674 88

70 1728 94 1773 rs
107 1705 168 1766 dici
195 1707 314 1768 solitum
341 1720 458 1770 nostros
485 1724 571 1771 senes
598 1730 829 1771 commemorare
856 1708 956 1771 audivi
983 1712 1022 1771 ab
1048 1711 1112 1772 aliis

110 1804 229 1865 senibus
243 1805 390 1867 auditum:
411 1806 436 1867 si
457 1806 523 1884 quis
541 1800 573 1867 in
594 1809 709 1868 caelum
723 1807 904 1868 ascendisset
918 1818 1112 1885 naturamque

109 1904 214 1964 mundi
242 1913 273 1964 et
299 1905 549 1980 pulchritudinem·
572 1904 701 1965 siderum
728 1904 931 1982 perspexisset,
959 1904 1112 1966 insuavem

108 2000 189 2058 illam
216 1999 442 2060 admirationem
466 2001 495 2062 ei
521 2003 592 2074 fore,
618 2021 694 2078 quae
718 1999 931 2061 iucundissima
952 2000 1062 2074 fuisset,
1087 2001 1112 2060 si

108 2097 238 2173 aliquem
259 2097 307 2156 cui
325 2108 455 2158 narraret
474 2098 633 2159 habuisset
676 2098 726 2159 Sic
740 2108 845 2158 natura
861 2097 1024 2159 solitarium
1038 2097 1113 2171 nihil

69 2225 94 2254 ω
107 2205 187 2254 amat
200 2214 374 2271 semperque
388 2196 428 2254 ad
441 2195 561 2272 aliquod
575 2207 727 2273 tamquam
737 2194 949 2256 adminiculum
962 2194 1110 2270 adnititur,

108 2292 190 2367 quod
204 2289 235 2348 in·
248 2289 427 2350 amicissimo
441 2309 561 2368 quoque
574 2291 776 2352 dulcissimum
791 2303 843 2352 est
871 2338 873 2342 .

168 2389 282 2446 XXIV.
326 2387 387 2447 Sed
400 2406 469 2445 cum
483 2398 526 2447 tot
541 2387 630 2464 signis
645 2390 750 2449 eadem
769 2400 873 2448 natura
890 2384 1020 2449 declaret
1038 2387 1111 2466 quid

108 2482 177 2542 velit
199 2484 335 2560 anquirat
359 2482 514 2558 desideret,
540 2494 640 2544 tamen
662 2483 900 2544 obsurdescimus
922 2485 1023 2545 nescio
1050 2504 1111 2562 quo

107 2582 199 2642 modo
223 2601 280 2641 nec
304 2599 348 2655 ea,
371 2599 448 2657 quae
468 2581 506 2640 ab
527 2600 563 2640 ea
583 2602 747 2654 monemur,
769 2581 913 2640 audimus.
956 2584 1010 2641 Est
1030 2582 1111 2642 enim

68 2707 92 2744 25
105 2675 202 2736 varius
216 2686 246 2736 et
259 2675 414 2753 multiplex
425 2695 494 2734 usus
508 2676 654 2736 amicitiae
668 2679 836 2754 multaeque
850 2696 956 2736 causae
971 2677 1112 2753 suspicio-1
1179 2735 1181 2739 .

107 2790 180 2830 num
197 2771 453 2849 offensionumque
472 2774 588 2845 dantur,
605 2792 677 2849 quas
694 2784 757 2831 tum
776 2771 893 2851 evitare,
908 2783 972 2831 tum
987 2774 1112 2847 elevare,

107 2878 171 2927 tum
185 2869 258 2928 ferre
272 2868 412 2944 sapientis
428 2878 479 2928 est
509 2871 581 2929 Una
594 2868 644 2928 illa
658 2871 814 2930 subeunda
827 2880 871 2930 est
885 2868 1018 2943 offensi0,
1033 2880 1067 2930 ut
1080 2880 1110 2931 et
1157 2884 1162 2934 j:

107 2964 217 3025 utilitas
231 2965 261 3024 in
275 2965 404 3026 amicitia
418 2978 448 3027 et
460 2968 534 3028 fides
548 2967 718 3029 retineatur:
740 2987 810 3027 nam
824 2979 853 3028 et
867 2966 1010 3027 monendi
1023 2967 1111 3028 amici

109 3080 197 3137 saepe
224 3073 292 3122 sunt
319 3073 349 3123 et
371 3063 553 3141 obiurgandi,
576 3075 605 3124 et
629 3064 704 3124 haec
724 3064 897 3142 accipienda
916 3062 1020 3137 amice,
1040 3084 1109 3123 cum

68 3183 94 3229 ³0
107 3159 251 3219 benevole
271 3161 352 3220 fiunt.
396 3161 455 3220 Sed
475 3161 577 3221 nescio
598 3181 657 3238 quo
678 3164 769 3223 modo
784 3182 885 3223 verum
901 3172 954 3238 est,
976 3162 1057 3240 quod
1077 3161 1109 3222 in
1123 3162 1161 3222 89

107 3255 222 3316 Andria
235 3256 383 3316 familiaris
397 3277 481 3318 meus
496 3259 580 3319 dicit:

300 3401 468 3478 Obsequium
482 3405 592 3479 anicios,
607 3405 712 3464 veritas
724 3405 819 3464 odram
826 3406 932 3481 parit·
