<?xml version="1.0" encoding="UTF-8"?>
<!DOCTYPE html PUBLIC "-//W3C//DTD XHTML 1.0 Transitional//EN"
    "http://www.w3.org/TR/xhtml1/DTD/xhtml1-transitional.dtd">
<html xmlns="http://www.w3.org/1999/xhtml" xml:lang="en" lang="en">
 <head>
  <title>
</title>
<meta http-equiv="Content-Type" content="text/html;charset=utf-8" />
  <meta name='ocr-system' content='tesseract 3.04.00' />
  <meta name='ocr-capabilities' content='ocr_page ocr_carea ocr_par ocr_line ocrx_word'/>
</head>
<body>
  <div class='ocr_page' id='page_1' title='image "./mtulliciceronis01reidgoog_0042.png"; bbox 0 0 2476 3824; ppageno 0'>
   <div class='ocr_carea' id='block_1_1' title="bbox 137 213 1149 296">
    <p class='ocr_par' dir='ltr' id='par_1_1' title="bbox 137 213 1149 296">
     <span class='ocr_line' id='line_1_1' title="bbox 137 213 1149 296; baseline -0.005 -19"><span class='ocrx_word' id='word_1_1' title='bbox 137 213 261 296; x_wconf 67' lang='lat' dir='ltr'><strong>V‘20]&#39;</strong></span> <span class='ocrx_word' id='word_1_2' title='bbox 322 253 333 268; x_wconf 91' lang='lat'>.</span> <span class='ocrx_word' id='word_1_3' title='bbox 474 215 543 275; x_wconf 77' lang='lat' dir='ltr'>na</span> <span class='ocrx_word' id='word_1_4' title='bbox 566 214 791 275; x_wconf 68' lang='lat' dir='ltr'><em>AMICITIA.</em></span> <span class='ocrx_word' id='word_1_5' title='bbox 1100 227 1149 285; x_wconf 76' lang='lat'>33·</span> 
     </span>
    </p>
   </div>
   <div class='ocr_carea' id='block_1_2' title="bbox 62 343 1195 3526">
    <p class='ocr_par' dir='ltr' id='par_1_2' title="bbox 62 343 1195 3526">
     <span class='ocr_line' id='line_1_2' title="bbox 136 343 1140 421; baseline -0.01 -16"><span class='ocrx_word' id='word_1_6' title='bbox 136 345 272 406; x_wconf 89' lang='lat' dir='ltr'>humanis</span> <span class='ocrx_word' id='word_1_7' title='bbox 286 345 488 421; x_wconf 82' lang='lat' dir='ltr'>anteponatis3</span> <span class='ocrx_word' id='word_1_8' title='bbox 510 343 583 403; x_wconf 87' lang='lat' dir='ltr'>nihil</span> <span class='ocrx_word' id='word_1_9' title='bbox 597 354 642 405; x_wconf 90' lang='lat' dir='ltr'>est</span> <span class='ocrx_word' id='word_1_10' title='bbox 656 343 736 404; x_wconf 92' lang='lat' dir='ltr'>enim</span> <span class='ocrx_word' id='word_1_11' title='bbox 749 353 809 402; x_wconf 89' lang='lat' dir='ltr'>tam</span> <span class='ocrx_word' id='word_1_12' title='bbox 824 349 945 400; x_wconf 88' lang='lat' dir='ltr'>naturae</span> <span class='ocrx_word' id='word_1_13' title='bbox 959 349 1070 416; x_wconf 88' lang='lat' dir='ltr'>aptum,</span> <span class='ocrx_word' id='word_1_14' title='bbox 1079 346 1140 396; x_wconf 88' lang='lat' dir='ltr'>tam</span> 
     </span>
     <span class='ocr_line' id='line_1_3' title="bbox 88 433 1193 513; baseline -0.011 -11"><span class='ocrx_word' id='word_1_15' title='bbox 88 478 92 486; x_wconf 87' lang='lat'>·</span> <span class='ocrx_word' id='word_1_16' title='bbox 136 441 318 502; x_wconf 89' lang='lat' dir='ltr'>conveniens</span> <span class='ocrx_word' id='word_1_17' title='bbox 329 443 368 500; x_wconf 89' lang='lat' dir='ltr'>ad</span> <span class='ocrx_word' id='word_1_18' title='bbox 379 459 425 500; x_wconf 90' lang='lat' dir='ltr'>res</span> <span class='ocrx_word' id='word_1_19' title='bbox 435 442 483 500; x_wconf 88' lang='lat' dir='ltr'>vel</span> <span class='ocrx_word' id='word_1_20' title='bbox 493 441 639 500; x_wconf 89' lang='lat' dir='ltr'>secundas</span> <span class='ocrx_word' id='word_1_21' title='bbox 648 441 695 501; x_wconf 89' lang='lat' dir='ltr'>vel</span> <span class='ocrx_word' id='word_1_22' title='bbox 705 441 850 499; x_wconf 90' lang='lat' dir='ltr'>adversas.</span> <span class='ocrx_word' id='word_1_23' title='bbox 873 439 932 498; x_wconf 90' lang='lat' dir='ltr'>Sed</span> <span class='ocrx_word' id='word_1_24' title='bbox 941 438 999 495; x_wconf 93' lang='lat' dir='ltr'>hoc</span> <span class='ocrx_word' id='word_1_25' title='bbox 1012 435 1140 513; x_wconf 89' lang='lat' dir='ltr'>primum</span> <span class='ocrx_word' id='word_1_26' title='bbox 1156 433 1193 491; x_wconf 90' lang='lat'>18</span> 
     </span>
     <span class='ocr_line' id='line_1_4' title="bbox 136 530 1141 610; baseline -0.006 -14"><span class='ocrx_word' id='word_1_27' title='bbox 136 537 241 610; x_wconf 92' lang='lat' dir='ltr'>sentio,</span> <span class='ocrx_word' id='word_1_28' title='bbox 256 536 313 596; x_wconf 91' lang='lat' dir='ltr'>nisi</span> <span class='ocrx_word' id='word_1_29' title='bbox 329 536 361 595; x_wconf 91' lang='lat' dir='ltr'>in</span> <span class='ocrx_word' id='word_1_30' title='bbox 374 534 635 597; x_wconf 67' lang='lat' dir='ltr'>bonis‘amicitiam</span> <span class='ocrx_word' id='word_1_31' title='bbox 654 555 794 596; x_wconf 91' lang='lat' dir='ltr'>essenon</span> <span class='ocrx_word' id='word_1_32' title='bbox 812 553 920 610; x_wconf 86' lang='lat' dir='ltr'>posse:</span> <span class='ocrx_word' id='word_1_33' title='bbox 940 552 1039 608; x_wconf 92' lang='lat' dir='ltr'>neque</span> <span class='ocrx_word' id='word_1_34' title='bbox 1056 530 1089 591; x_wconf 92' lang='lat' dir='ltr'>id</span> <span class='ocrx_word' id='word_1_35' title='bbox 1102 532 1141 590; x_wconf 92' lang='lat' dir='ltr'>ad</span> 
     </span>
     <span class='ocr_line' id='line_1_5' title="bbox 135 625 1142 708; baseline -0.002 -18"><span class='ocrx_word' id='word_1_36' title='bbox 135 631 236 692; x_wconf 90' lang='lat' dir='ltr'>vivum</span> <span class='ocrx_word' id='word_1_37' title='bbox 259 652 370 705; x_wconf 89' lang='lat' dir='ltr'>reseco,</span> <span class='ocrx_word' id='word_1_38' title='bbox 395 643 428 692; x_wconf 92' lang='lat' dir='ltr'>ut</span> <span class='ocrx_word' id='word_1_39' title='bbox 449 630 500 704; x_wconf 93' lang='lat' dir='ltr'>illi,</span> <span class='ocrx_word' id='word_1_40' title='bbox 526 631 577 708; x_wconf 92' lang='lat' dir='ltr'>qui</span> <span class='ocrx_word' id='word_1_41' title='bbox 596 633 672 692; x_wconf 90' lang='lat' dir='ltr'>haec</span> <span class='ocrx_word' id='word_1_42' title='bbox 691 631 825 692; x_wconf 91' lang='lat' dir='ltr'>subtilius</span> <span class='ocrx_word' id='word_1_43' title='bbox 846 630 1001 703; x_wconf 89' lang='lat' dir='ltr'>disserunt,</span> <span class='ocrx_word' id='word_1_44' title='bbox 1020 625 1142 689; x_wconf 86' lang='lat' dir='ltr'>fortasse</span> 
     </span>
     <span class='ocr_line' id='line_1_6' title="bbox 116 725 1141 805; baseline -0.006 -17"><span class='ocrx_word' id='word_1_45' title='bbox 116 749 214 802; x_wconf 70' lang='lat' dir='ltr'>suere,</span> <span class='ocrx_word' id='word_1_46' title='bbox 237 730 291 789; x_wconf 88' lang='lat' dir='ltr'>sed</span> <span class='ocrx_word' id='word_1_47' title='bbox 317 730 357 789; x_wconf 92' lang='lat' dir='ltr'>ad</span> <span class='ocrx_word' id='word_1_48' title='bbox 384 748 575 788; x_wconf 89' lang='lat' dir='ltr'>communem</span> <span class='ocrx_word' id='word_1_49' title='bbox 603 728 761 789; x_wconf 85' lang='lat' dir='ltr'>utilitatem</span> <span class='ocrx_word' id='word_1_50' title='bbox 780 747 901 805; x_wconf 74' lang='lat' dir='ltr'>parum,</span> <span class='ocrx_word' id='word_1_51' title='bbox 924 737 1034 803; x_wconf 87' lang='lat' dir='ltr'>negant</span> <span class='ocrx_word' id='word_1_52' title='bbox 1061 725 1141 786; x_wconf 89' lang='lat' dir='ltr'>enim</span> 
     </span>
     <span class='ocr_line' id='line_1_7' title="bbox 138 822 1140 901; baseline -0.002 -19"><span class='ocrx_word' id='word_1_53' title='bbox 138 843 317 900; x_wconf 86' lang='lat' dir='ltr'>quemquam</span> <span class='ocrx_word' id='word_1_54' title='bbox 332 844 397 885; x_wconf 88' lang='lat' dir='ltr'>esse</span> <span class='ocrx_word' id='word_1_55' title='bbox 410 824 505 885; x_wconf 86' lang='lat' dir='ltr'>virum</span> <span class='ocrx_word' id='word_1_56' title='bbox 519 825 632 885; x_wconf 92' lang='lat' dir='ltr'>bonum</span> <span class='ocrx_word' id='word_1_57' title='bbox 646 824 703 884; x_wconf 89' lang='lat' dir='ltr'>nisi</span> <span class='ocrx_word' id='word_1_58' title='bbox 717 824 889 901; x_wconf 86' lang='lat' dir='ltr'>sapientem.</span> <span class='ocrx_word' id='word_1_59' title='bbox 931 823 980 884; x_wconf 88' lang='lat' dir='ltr'>Sit</span> <span class='ocrx_word' id='word_1_60' title='bbox 993 822 1034 882; x_wconf 90' lang='lat' dir='ltr'>ita</span> <span class='ocrx_word' id='word_1_61' title='bbox 1052 841 1140 881; x_wconf 88' lang='lat' dir='ltr'>sane:</span> 
     </span>
     <span class='ocr_line' id='line_1_8' title="bbox 138 920 1141 1000; baseline 0 -20"><span class='ocrx_word' id='word_1_62' title='bbox 138 922 192 980; x_wconf 93' lang='lat' dir='ltr'>sed</span> <span class='ocrx_word' id='word_1_63' title='bbox 216 941 283 982; x_wconf 90' lang='lat' dir='ltr'>eam</span> <span class='ocrx_word' id='word_1_64' title='bbox 305 921 482 999; x_wconf 86' lang='lat' dir='ltr'>sapientiam</span> <span class='ocrx_word' id='word_1_65' title='bbox 506 922 743 1000; x_wconf 84' lang='lat' dir='ltr'>interpretantur,</span> <span class='ocrx_word' id='word_1_66' title='bbox 768 942 858 1000; x_wconf 89' lang='lat' dir='ltr'>quam</span> <span class='ocrx_word' id='word_1_67' title='bbox 885 923 984 982; x_wconf 90' lang='lat' dir='ltr'>adhuc</span> <span class='ocrx_word' id='word_1_68' title='bbox 1010 920 1141 980; x_wconf 87' lang='lat' dir='ltr'>mortalis</span> 
     </span>
     <span class='ocr_line' id='line_1_9' title="bbox 70 1005 1141 1096; baseline 0.001 -21"><span class='ocrx_word' id='word_1_69' title='bbox 70 1005 73 1011; x_wconf 71' lang='grc'><strong>’</strong></span> <span class='ocrx_word' id='word_1_70' title='bbox 136 1024 227 1078; x_wconf 86' lang='lat' dir='ltr'>ne&#39;mo</span> <span class='ocrx_word' id='word_1_71' title='bbox 241 1029 285 1078; x_wconf 89' lang='lat' dir='ltr'>est</span> <span class='ocrx_word' id='word_1_72' title='bbox 296 1005 473 1079; x_wconf 78' lang='lat' dir='ltr'>consecutus</span> <span class='ocrx_word' id='word_1_73' title='bbox 482 1020 496 1094; x_wconf 81' lang='lat'>3&#39;</span> <span class='ocrx_word' id='word_1_74' title='bbox 513 1039 569 1079; x_wconf 93' lang='lat' dir='ltr'>nos</span> <span class='ocrx_word' id='word_1_75' title='bbox 581 1030 682 1080; x_wconf 87' lang='lat' dir='ltr'>autem</span> <span class='ocrx_word' id='word_1_76' title='bbox 694 1040 736 1088; x_wconf 82' lang='lat' dir='ltr'>ea.</span> <span class='ocrx_word' id='word_1_77' title='bbox 747 1040 824 1096; x_wconf 88' lang='lat' dir='ltr'>quae</span> <span class='ocrx_word' id='word_1_78' title='bbox 834 1030 903 1079; x_wconf 90' lang='lat' dir='ltr'>sunt</span> <span class='ocrx_word' id='word_1_79' title='bbox 913 1019 944 1078; x_wconf 93' lang='lat' dir='ltr'>in</span> <span class='ocrx_word' id='word_1_80' title='bbox 955 1039 1010 1078; x_wconf 91' lang='lat' dir='ltr'>usu</span> <span class='ocrx_word' id='word_1_81' title='bbox 1023 1018 1141 1094; x_wconf 88' lang='lat' dir='ltr'>vitaque</span> 
     </span>
     <span class='ocr_line' id='line_1_10' title="bbox 137 1112 1141 1194; baseline 0.001 -22"><span class='ocrx_word' id='word_1_82' title='bbox 137 1115 298 1188; x_wconf 91' lang='lat' dir='ltr'>communi,</span> <span class='ocrx_word' id='word_1_83' title='bbox 324 1135 388 1175; x_wconf 92' lang='lat' dir='ltr'>non</span> <span class='ocrx_word' id='word_1_84' title='bbox 415 1134 460 1190; x_wconf 91' lang='lat' dir='ltr'>ea,</span> <span class='ocrx_word' id='word_1_85' title='bbox 485 1136 563 1192; x_wconf 88' lang='lat' dir='ltr'>quae</span> <span class='ocrx_word' id='word_1_86' title='bbox 589 1118 738 1194; x_wconf 86' lang='lat' dir='ltr'>finguntur</span> <span class='ocrx_word' id='word_1_87' title='bbox 761 1127 813 1176; x_wconf 90' lang='lat' dir='ltr'>aut</span> <span class='ocrx_word' id='word_1_88' title='bbox 837 1112 984 1193; x_wconf 90' lang='lat' dir='ltr'>optantur,</span> <span class='ocrx_word' id='word_1_89' title='bbox 1008 1126 1141 1192; x_wconf 89' lang='lat' dir='ltr'>spectare</span> 
     </span>
     <span class='ocr_line' id='line_1_11' title="bbox 101 1210 1138 1289; baseline 0.001 -19"><span class='ocrx_word' id='word_1_90' title='bbox 101 1238 127 1270; x_wconf 80' lang='grc' dir='ltr'>ιο</span> <span class='ocrx_word' id='word_1_91' title='bbox 142 1210 293 1270; x_wconf 89' lang='lat' dir='ltr'>debemus.</span> <span class='ocrx_word' id='word_1_92' title='bbox 330 1213 503 1288; x_wconf 86' lang='lat' dir='ltr'>Numquam</span> <span class='ocrx_word' id='word_1_93' title='bbox 518 1216 574 1289; x_wconf 87' lang='lat' dir='ltr'>ego</span> <span class='ocrx_word' id='word_1_94' title='bbox 589 1211 686 1271; x_wconf 91' lang='lat' dir='ltr'>dicam</span> <span class='ocrx_word' id='word_1_95' title='bbox 701 1214 736 1273; x_wconf 90' lang='lat' dir='ltr'>C.</span> <span class='ocrx_word' id='word_1_96' title='bbox 749 1211 926 1285; x_wconf 88' lang='lat' dir='ltr'>Fabricium,</span> <span class='ocrx_word' id='word_1_97' title='bbox 942 1213 994 1270; x_wconf 83' lang='grc' dir='ltr'>Μ’.</span> <span class='ocrx_word' id='word_1_98' title='bbox 1006 1210 1138 1282; x_wconf 88' lang='lat' dir='ltr'>Curium,</span> 
     </span>
     <span class='ocr_line' id='line_1_12' title="bbox 138 1307 1139 1388; baseline 0.003 -21"><span class='ocrx_word' id='word_1_99' title='bbox 138 1307 184 1368; x_wconf 93' lang='lat' dir='ltr'>Ti.</span> <span class='ocrx_word' id='word_1_100' title='bbox 201 1309 431 1384; x_wconf 89' lang='lat' dir='ltr'>Comncanium,</span> <span class='ocrx_word' id='word_1_101' title='bbox 446 1329 522 1386; x_wconf 92' lang='lat' dir='ltr'>quos</span> <span class='ocrx_word' id='word_1_102' title='bbox 537 1311 685 1388; x_wconf 86' lang='lat' dir='ltr'>sapientes</span> <span class='ocrx_word' id='word_1_103' title='bbox 704 1310 797 1370; x_wconf 89' lang='lat' dir='ltr'>nostri</span> <span class='ocrx_word' id='word_1_104' title='bbox 815 1310 941 1370; x_wconf 88' lang='lat' dir='ltr'>maiores</span> <span class='ocrx_word' id='word_1_105' title='bbox 960 1309 1139 1383; x_wconf 88' lang='lat' dir='ltr'>iudicabant,</span> 
     </span>
     <span class='ocr_line' id='line_1_13' title="bbox 137 1405 1141 1484; baseline 0.005 -21"><span class='ocrx_word' id='word_1_106' title='bbox 137 1405 175 1463; x_wconf 90' lang='lat' dir='ltr'>ad</span> <span class='ocrx_word' id='word_1_107' title='bbox 191 1405 316 1465; x_wconf 90' lang='lat' dir='ltr'>istorum</span> <span class='ocrx_word' id='word_1_108' title='bbox 336 1411 473 1466; x_wconf 86' lang='lat' dir='ltr'>normam</span> <span class='ocrx_word' id='word_1_109' title='bbox 491 1406 582 1468; x_wconf 82' lang='lat' dir='ltr'>fuisse</span> <span class='ocrx_word' id='word_1_110' title='bbox 603 1407 759 1484; x_wconf 87' lang='lat' dir='ltr'>sapientes.</span> <span class='ocrx_word' id='word_1_111' title='bbox 802 1410 918 1483; x_wconf 87' lang='lat' dir='ltr'>Quare</span> <span class='ocrx_word' id='word_1_112' title='bbox 938 1407 994 1467; x_wconf 89' lang='lat' dir='ltr'>sibi</span> <span class='ocrx_word' id='word_1_113' title='bbox 1012 1409 1141 1468; x_wconf 87' lang='lat' dir='ltr'>habeant</span> 
     </span>
     <span class='ocr_line' id='line_1_14' title="bbox 138 1490 1141 1582; baseline -0.003 -14"><span class='ocrx_word' id='word_1_114' title='bbox 138 1504 302 1582; x_wconf 84' lang='lat' dir='ltr'>sapientiae</span> <span class='ocrx_word' id='word_1_115' title='bbox 316 1524 427 1566; x_wconf 90' lang='lat' dir='ltr'>nomen</span> <span class='ocrx_word' id='word_1_116' title='bbox 441 1516 471 1566; x_wconf 90' lang='lat' dir='ltr'>et</span> <span class='ocrx_word' id='word_1_117' title='bbox 490 1505 671 1566; x_wconf 90' lang='lat' dir='ltr'>invidiosum</span> <span class='ocrx_word' id='word_1_118' title='bbox 690 1517 721 1567; x_wconf 92' lang='lat' dir='ltr'>et</span> <span class='ocrx_word' id='word_1_119' title='bbox 738 1508 907 1579; x_wconf 92' lang='lat' dir='ltr'>obscurum,</span> <span class='ocrx_word' id='word_1_120' title='bbox 922 1506 1090 1565; x_wconf 87' lang='lat' dir='ltr'>concedant</span> <span class='ocrx_word' id='word_1_121' title='bbox 1108 1490 1141 1565; x_wconf 83' lang='lat' dir='ltr'>ut</span> 
     </span>
     <span class='ocr_line' id='line_1_15' title="bbox 137 1600 1146 1680; baseline 0.001 -19"><span class='ocrx_word' id='word_1_122' title='bbox 137 1600 192 1661; x_wconf 88' lang='lat' dir='ltr'>viri</span> <span class='ocrx_word' id='word_1_123' title='bbox 210 1601 284 1662; x_wconf 91' lang='lat' dir='ltr'>boni</span> <span class='ocrx_word' id='word_1_124' title='bbox 303 1601 420 1662; x_wconf 85' lang='lat' dir='ltr'>fuerint.</span> <span class='ocrx_word' id='word_1_125' title='bbox 463 1603 513 1662; x_wconf 91' lang='lat' dir='ltr'>Ne</span> <span class='ocrx_word' id='word_1_126' title='bbox 530 1601 563 1662; x_wconf 92' lang='lat' dir='ltr'>id</span> <span class='ocrx_word' id='word_1_127' title='bbox 583 1602 705 1678; x_wconf 89' lang='lat' dir='ltr'>quidem</span> <span class='ocrx_word' id='word_1_128' title='bbox 722 1602 849 1677; x_wconf 82' lang='lat' dir='ltr'>sacient3</span> <span class='ocrx_word' id='word_1_129' title='bbox 869 1605 1028 1680; x_wconf 82' lang='lat' dir='ltr'>negabunt</span> <span class='ocrx_word' id='word_1_130' title='bbox 1040 1601 1071 1662; x_wconf 93' lang='lat' dir='ltr'>id</span> <span class='ocrx_word' id='word_1_131' title='bbox 1085 1601 1146 1680; x_wconf 89' lang='lat' dir='ltr'>nisi</span> 
     </span>
     <span class='ocr_line' id='line_1_16' title="bbox 96 1695 1194 1776; baseline 0.001 -20"><span class='ocrx_word' id='word_1_132' title='bbox 96 1726 120 1766; x_wconf 56' lang='grc' dir='ltr'>ιε</span> <span class='ocrx_word' id='word_1_133' title='bbox 138 1695 262 1773; x_wconf 86' lang='lat' dir='ltr'>sapie&#39;nti</span> <span class='ocrx_word' id='word_1_134' title='bbox 288 1716 376 1773; x_wconf 91' lang='lat' dir='ltr'>posse</span> <span class='ocrx_word' id='word_1_135' title='bbox 403 1697 536 1763; x_wconf 83' lang='lat' dir='ltr'>concedi.</span> <span class='ocrx_word' id='word_1_136' title='bbox 578 1696 711 1775; x_wconf 89' lang='lat' dir='ltr'>Agamus</span> <span class='ocrx_word' id='word_1_137' title='bbox 736 1698 823 1776; x_wconf 87' lang='lat' dir='ltr'>igitur</span> <span class='ocrx_word' id='word_1_138' title='bbox 851 1697 962 1776; x_wconf 86' lang='lat' dir='ltr'>pingui,</span> <span class='ocrx_word' id='word_1_139' title='bbox 991 1709 1024 1759; x_wconf 89' lang='lat' dir='ltr'>ut</span> <span class='ocrx_word' id='word_1_140' title='bbox 1051 1697 1140 1772; x_wconf 90' lang='lat' dir='ltr'>aiunt,</span> <span class='ocrx_word' id='word_1_141' title='bbox 1158 1700 1194 1757; x_wconf 88' lang='grc'>19</span> 
     </span>
     <span class='ocr_line' id='line_1_17' title="bbox 136 1791 1143 1870; baseline 0.002 -19"><span class='ocrx_word' id='word_1_142' title='bbox 136 1792 280 1854; x_wconf 85' lang='lat' dir='ltr'>Minerva.</span> <span class='ocrx_word' id='word_1_143' title='bbox 323 1792 383 1868; x_wconf 87' lang='lat' dir='ltr'>Qui</span> <span class='ocrx_word' id='word_1_144' title='bbox 404 1791 445 1853; x_wconf 88' lang='lat' dir='ltr'>ita</span> <span class='ocrx_word' id='word_1_145' title='bbox 465 1813 497 1853; x_wconf 90' lang='lat' dir='ltr'>se</span> <span class='ocrx_word' id='word_1_146' title='bbox 514 1805 627 1870; x_wconf 86' lang='lat' dir='ltr'>gerunt,</span> <span class='ocrx_word' id='word_1_147' title='bbox 642 1792 683 1854; x_wconf 88' lang='lat' dir='ltr'>ita</span> <span class='ocrx_word' id='word_1_148' title='bbox 700 1795 809 1866; x_wconf 91' lang='lat' dir='ltr'>vivunt,</span> <span class='ocrx_word' id='word_1_149' title='bbox 830 1804 863 1853; x_wconf 93' lang='lat' dir='ltr'>ut</span> <span class='ocrx_word' id='word_1_150' title='bbox 883 1812 985 1854; x_wconf 88' lang='lat' dir='ltr'>eorum</span> <span class='ocrx_word' id='word_1_151' title='bbox 1003 1793 1143 1870; x_wconf 90' lang='lat' dir='ltr'>probetur</span> 
     </span>
     <span class='ocr_line' id='line_1_18' title="bbox 62 1876 1142 1974; baseline 0.002 -26"><span class='ocrx_word' id='word_1_152' title='bbox 62 1941 65 1948; x_wconf 89' lang='lat'>.</span> <span class='ocrx_word' id='word_1_153' title='bbox 138 1889 213 1948; x_wconf 89' lang='lat' dir='ltr'>fides</span> <span class='ocrx_word' id='word_1_154' title='bbox 227 1888 376 1967; x_wconf 88' lang='lat' dir='ltr'>integritas</span> <span class='ocrx_word' id='word_1_155' title='bbox 390 1889 522 1966; x_wconf 89' lang='lat' dir='ltr'>aequitas</span> <span class='ocrx_word' id='word_1_156' title='bbox 536 1876 701 1963; x_wconf 90' lang='lat' dir='ltr'>liberalitas,</span> <span class='ocrx_word' id='word_1_157' title='bbox 716 1911 772 1950; x_wconf 91' lang='lat' dir='ltr'>nec</span> <span class='ocrx_word' id='word_1_158' title='bbox 787 1890 823 1950; x_wconf 92' lang='lat' dir='ltr'>sit</span> <span class='ocrx_word' id='word_1_159' title='bbox 836 1889 868 1949; x_wconf 91' lang='lat' dir='ltr'>in</span> <span class='ocrx_word' id='word_1_160' title='bbox 879 1891 920 1950; x_wconf 91' lang='lat' dir='ltr'>eis</span> <span class='ocrx_word' id='word_1_161' title='bbox 929 1892 990 1949; x_wconf 90' lang='lat' dir='ltr'>ulla</span> <span class='ocrx_word' id='word_1_162' title='bbox 997 1886 1142 1974; x_wconf 87' lang='lat' dir='ltr'>cupiditas</span> 
     </span>
     <span class='ocr_line' id='line_1_19' title="bbox 137 1982 1142 2063; baseline 0.002 -19"><span class='ocrx_word' id='word_1_163' title='bbox 137 1982 233 2046; x_wconf 91' lang='lat' dir='ltr'>libido</span> <span class='ocrx_word' id='word_1_164' title='bbox 247 1984 379 2059; x_wconf 89' lang='lat' dir='ltr'>audacia,</span> <span class='ocrx_word' id='word_1_165' title='bbox 395 1985 513 2061; x_wconf 91' lang='lat' dir='ltr'>sintque</span> <span class='ocrx_word' id='word_1_166' title='bbox 526 2004 634 2063; x_wconf 85' lang='lat' dir='ltr'>magna</span> <span class='ocrx_word' id='word_1_167' title='bbox 647 1985 821 2057; x_wconf 82' lang='lat' dir='ltr'>constantia,</span> <span class='ocrx_word' id='word_1_168' title='bbox 830 1996 862 2045; x_wconf 92' lang='lat' dir='ltr'>ut</span> <span class='ocrx_word' id='word_1_169' title='bbox 876 1985 1037 2058; x_wconf 81' lang='lat' dir='ltr'>eifuerunt,</span> <span class='ocrx_word' id='word_1_170' title='bbox 1049 1987 1142 2046; x_wconf 93' lang='lat' dir='ltr'>modo</span> 
     </span>
     <span class='ocr_line' id='line_1_20' title="bbox 94 2074 1163 2160; baseline 0 -18"><span class='ocrx_word' id='word_1_171' title='bbox 94 2102 95 2105; x_wconf 45' lang='lat'>¹</span> <span class='ocrx_word' id='word_1_172' title='bbox 137 2089 214 2160; x_wconf 91' lang='lat' dir='ltr'>quos</span> <span class='ocrx_word' id='word_1_173' title='bbox 228 2074 387 2155; x_wconf 81' lang='lat' dir='ltr'>nominavi,</span> <span class='ocrx_word' id='word_1_174' title='bbox 402 2082 459 2145; x_wconf 84' lang='lat' dir='ltr'>hos</span> <span class='ocrx_word' id='word_1_175' title='bbox 471 2082 550 2144; x_wconf 88' lang='lat' dir='ltr'>viros</span> <span class='ocrx_word' id='word_1_176' title='bbox 563 2085 668 2158; x_wconf 89' lang='lat' dir='ltr'>bonos,</span> <span class='ocrx_word' id='word_1_177' title='bbox 684 2095 717 2144; x_wconf 93' lang='lat' dir='ltr'>ut</span> <span class='ocrx_word' id='word_1_178' title='bbox 735 2083 828 2145; x_wconf 89' lang='lat' dir='ltr'>habiti</span> <span class='ocrx_word' id='word_1_179' title='bbox 842 2094 918 2157; x_wconf 90' lang='lat' dir='ltr'>sunt,</span> <span class='ocrx_word' id='word_1_180' title='bbox 934 2083 977 2143; x_wconf 92' lang='lat' dir='ltr'>sic</span> <span class='ocrx_word' id='word_1_181' title='bbox 991 2083 1080 2144; x_wconf 91' lang='lat' dir='ltr'>etiam</span> <span class='ocrx_word' id='word_1_182' title='bbox 1094 2104 1142 2160; x_wconf 82' lang='lat' dir='ltr'>ap</span> <span class='ocrx_word' id='word_1_183' title='bbox 1161 2147 1163 2150; x_wconf 54' lang='grc'>,</span> 
     </span>
     <span class='ocr_line' id='line_1_21' title="bbox 98 2179 1144 2258; baseline 0.001 -18"><span class='ocrx_word' id='word_1_184' title='bbox 98 2209 124 2240; x_wconf 73' lang='grc' dir='ltr'><strong>ω</strong></span> <span class='ocrx_word' id='word_1_185' title='bbox 137 2182 294 2258; x_wconf 90' lang='lat' dir='ltr'>pellandos</span> <span class='ocrx_word' id='word_1_186' title='bbox 315 2185 462 2258; x_wconf 85' lang='lat' dir='ltr'>putemus,</span> <span class='ocrx_word' id='word_1_187' title='bbox 479 2179 551 2258; x_wconf 91' lang='lat' dir='ltr'>quia</span> <span class='ocrx_word' id='word_1_188' title='bbox 572 2192 740 2258; x_wconf 88' lang='lat' dir='ltr'>sequantur,</span> <span class='ocrx_word' id='word_1_189' title='bbox 755 2191 899 2258; x_wconf 91' lang='lat' dir='ltr'>quantum</span> <span class='ocrx_word' id='word_1_190' title='bbox 920 2181 1056 2241; x_wconf 91' lang='lat' dir='ltr'>homines</span> <span class='ocrx_word' id='word_1_191' title='bbox 1078 2201 1144 2258; x_wconf 87' lang='lat' dir='ltr'>pos-</span> 
     </span>
     <span class='ocr_line' id='line_1_22' title="bbox 62 2277 1143 2356; baseline -0.002 -18"><span class='ocrx_word' id='word_1_192' title='bbox 62 2300 63 2303; x_wconf 46' lang='lat'><em>*</em></span> <span class='ocrx_word' id='word_1_193' title='bbox 137 2285 364 2352; x_wconf 89' lang='lat' dir='ltr'>sunt‚naturam</span> <span class='ocrx_word' id='word_1_194' title='bbox 379 2279 522 2356; x_wconf 88' lang='lat' dir='ltr'>optimam</span> <span class='ocrx_word' id='word_1_195' title='bbox 537 2279 613 2338; x_wconf 91' lang='lat' dir='ltr'>bene</span> <span class='ocrx_word' id='word_1_196' title='bbox 626 2278 745 2339; x_wconf 88' lang='lat' dir='ltr'>vivendi</span> <span class='ocrx_word' id='word_1_197' title='bbox 760 2280 876 2339; x_wconf 91' lang='lat' dir='ltr'>ducem.</span> <span class='ocrx_word' id='word_1_198' title='bbox 913 2278 961 2338; x_wconf 92' lang='lat' dir='ltr'>Sic</span> <span class='ocrx_word' id='word_1_199' title='bbox 975 2277 1055 2338; x_wconf 87' lang='lat' dir='ltr'>enim</span> <span class='ocrx_word' id='word_1_200' title='bbox 1069 2277 1143 2337; x_wconf 91' lang='lat' dir='ltr'>mihi</span> 
     </span>
     <span class='ocr_line' id='line_1_23' title="bbox 135 2373 1143 2453; baseline 0 -17"><span class='ocrx_word' id='word_1_201' title='bbox 135 2375 300 2453; x_wconf 84' lang='lat' dir='ltr'>perspicere</span> <span class='ocrx_word' id='word_1_202' title='bbox 322 2375 434 2449; x_wconf 84' lang='lat' dir='ltr'>videor,</span> <span class='ocrx_word' id='word_1_203' title='bbox 455 2376 497 2436; x_wconf 92' lang='lat' dir='ltr'>ita</span> <span class='ocrx_word' id='word_1_204' title='bbox 518 2387 603 2438; x_wconf 88' lang='lat' dir='ltr'>natos</span> <span class='ocrx_word' id='word_1_205' title='bbox 624 2396 773 2450; x_wconf 89' lang='lat' dir='ltr'>essenos,</span> <span class='ocrx_word' id='word_1_206' title='bbox 794 2388 828 2436; x_wconf 95' lang='lat' dir='ltr'>ut</span> <span class='ocrx_word' id='word_1_207' title='bbox 847 2376 924 2437; x_wconf 89' lang='lat' dir='ltr'>inter</span> <span class='ocrx_word' id='word_1_208' title='bbox 944 2373 1042 2436; x_wconf 86' lang='lat' dir='ltr'>omnis</span> <span class='ocrx_word' id='word_1_209' title='bbox 1066 2375 1143 2436; x_wconf 90' lang='lat' dir='ltr'>esset</span> 
     </span>
     <span class='ocr_line' id='line_1_24' title="bbox 136 2473 1143 2553; baseline -0.003 -18"><span class='ocrx_word' id='word_1_210' title='bbox 136 2473 262 2535; x_wconf 89' lang='lat' dir='ltr'>societas</span> <span class='ocrx_word' id='word_1_211' title='bbox 289 2476 447 2551; x_wconf 87' lang='lat' dir='ltr'>quaedam,</span> <span class='ocrx_word' id='word_1_212' title='bbox 472 2475 567 2536; x_wconf 90' lang='lat' dir='ltr'>maior</span> <span class='ocrx_word' id='word_1_213' title='bbox 593 2488 701 2548; x_wconf 89' lang='lat' dir='ltr'>autem,</span> <span class='ocrx_word' id='word_1_214' title='bbox 730 2487 763 2536; x_wconf 93' lang='lat' dir='ltr'>ut</span> <span class='ocrx_word' id='word_1_215' title='bbox 789 2475 916 2553; x_wconf 89' lang='lat' dir='ltr'>quisque</span> <span class='ocrx_word' id='word_1_216' title='bbox 942 2473 1081 2552; x_wconf 86' lang='lat' dir='ltr'>proxime</span> <span class='ocrx_word' id='word_1_217' title='bbox 1097 2492 1143 2532; x_wconf 94' lang='lat' dir='ltr'>ac·</span> 
     </span>
     <span class='ocr_line' id='line_1_25' title="bbox 134 2568 1142 2660; baseline 0 -32"><span class='ocrx_word' id='word_1_218' title='bbox 134 2570 261 2630; x_wconf 88' lang='lat' dir='ltr'>cederet.</span> <span class='ocrx_word' id='word_1_219' title='bbox 281 2592 283 2594; x_wconf 85' lang='lat'>·</span> <span class='ocrx_word' id='word_1_220' title='bbox 305 2571 412 2660; x_wconf 80' lang='lat' dir='ltr'>Itaque</span> <span class='ocrx_word' id='word_1_221' title='bbox 441 2569 520 2630; x_wconf 89' lang='lat' dir='ltr'>cives</span> <span class='ocrx_word' id='word_1_222' title='bbox 540 2571 669 2648; x_wconf 89' lang='lat' dir='ltr'>potiores</span> <span class='ocrx_word' id='word_1_223' title='bbox 693 2592 783 2649; x_wconf 90' lang='lat' dir='ltr'>quam</span> <span class='ocrx_word' id='word_1_224' title='bbox 806 2568 959 2648; x_wconf 87' lang='lat' dir='ltr'>peregrini,</span> <span class='ocrx_word' id='word_1_225' title='bbox 985 2569 1142 2647; x_wconf 89' lang='lat' dir='ltr'>propinqui</span> 
     </span>
     <span class='ocr_line' id='line_1_26' title="bbox 95 2660 1142 2744; baseline -0.002 -18"><span class='ocrx_word' id='word_1_226' title='bbox 95 2695 120 2736; x_wconf 72' lang='lat'>25</span> <span class='ocrx_word' id='word_1_227' title='bbox 134 2686 226 2743; x_wconf 90' lang='lat' dir='ltr'>quam</span> <span class='ocrx_word' id='word_1_228' title='bbox 248 2666 337 2726; x_wconf 91' lang='lat' dir='ltr'>alieni</span> <span class='ocrx_word' id='word_1_229' title='bbox 346 2687 356 2741; x_wconf 81' lang='lat'>3</span> <span class='ocrx_word' id='word_1_230' title='bbox 376 2687 445 2726; x_wconf 84' lang='lat' dir='ltr'>cuin</span> <span class='ocrx_word' id='word_1_231' title='bbox 461 2667 507 2727; x_wconf 93' lang='lat' dir='ltr'>his</span> <span class='ocrx_word' id='word_1_232' title='bbox 531 2667 612 2728; x_wconf 91' lang='lat' dir='ltr'>enim</span> <span class='ocrx_word' id='word_1_233' title='bbox 634 2669 794 2729; x_wconf 89' lang='lat' dir='ltr'>amicitiam</span> <span class='ocrx_word' id='word_1_234' title='bbox 814 2681 918 2729; x_wconf 90' lang='lat' dir='ltr'>natura</span> <span class='ocrx_word' id='word_1_235' title='bbox 937 2667 1002 2744; x_wconf 87' lang='lat' dir='ltr'>ipsa</span> <span class='ocrx_word' id='word_1_236' title='bbox 1020 2660 1142 2744; x_wconf 85' lang='lat' dir='ltr'>peperit,</span> 
     </span>
     <span class='ocr_line' id='line_1_27' title="bbox 134 2761 1143 2842; baseline -0.005 -17"><span class='ocrx_word' id='word_1_237' title='bbox 134 2767 189 2826; x_wconf 91' lang='lat' dir='ltr'>sed</span> <span class='ocrx_word' id='word_1_238' title='bbox 202 2786 239 2827; x_wconf 88' lang='lat' dir='ltr'>ea</span> <span class='ocrx_word' id='word_1_239' title='bbox 251 2786 313 2826; x_wconf 94' lang='lat' dir='ltr'>non</span> <span class='ocrx_word' id='word_1_240' title='bbox 327 2766 396 2826; x_wconf 90' lang='lat' dir='ltr'>satis</span> <span class='ocrx_word' id='word_1_241' title='bbox 410 2766 500 2826; x_wconf 91' lang='lat' dir='ltr'>habet</span> <span class='ocrx_word' id='word_1_242' title='bbox 508 2765 661 2827; x_wconf 87' lang='lat' dir='ltr'>firmitatis.</span> <span class='ocrx_word' id='word_1_243' title='bbox 683 2768 823 2842; x_wconf 88' lang='lat' dir='ltr'>Namque</span> <span class='ocrx_word' id='word_1_244' title='bbox 833 2768 892 2826; x_wconf 91' lang='lat' dir='ltr'>hoc</span> <span class='ocrx_word' id='word_1_245' title='bbox 905 2761 1143 2842; x_wconf 71' lang='lat' dir='ltr'>praestatamiei.</span> 
     </span>
     <span class='ocr_line' id='line_1_28' title="bbox 134 2859 1143 2940; baseline -0.004 -18"><span class='ocrx_word' id='word_1_246' title='bbox 134 2861 177 2922; x_wconf 90' lang='lat' dir='ltr'>tia</span> <span class='ocrx_word' id='word_1_247' title='bbox 198 2862 417 2940; x_wconf 87' lang='lat' dir='ltr'>propinquitati,</span> <span class='ocrx_word' id='word_1_248' title='bbox 444 2864 527 2938; x_wconf 93' lang='lat' dir='ltr'>quod</span> <span class='ocrx_word' id='word_1_249' title='bbox 550 2883 587 2924; x_wconf 84' lang='lat' dir='ltr'>ex</span> <span class='ocrx_word' id='word_1_250' title='bbox 609 2859 828 2940; x_wconf 87' lang='lat' dir='ltr'>propinquitate</span> <span class='ocrx_word' id='word_1_251' title='bbox 852 2860 1060 2924; x_wconf 88' lang='lat' dir='ltr'>benevolentia</span> <span class='ocrx_word' id='word_1_252' title='bbox 1079 2859 1143 2922; x_wconf 92' lang='lat' dir='ltr'>tolli</span> 
     </span>
     <span class='ocr_line' id='line_1_29' title="bbox 133 2954 1144 3037; baseline -0.002 -17"><span class='ocrx_word' id='word_1_253' title='bbox 133 2970 241 3037; x_wconf 87' lang='lat' dir='ltr'>potest,</span> <span class='ocrx_word' id='word_1_254' title='bbox 261 2980 299 3020; x_wconf 87' lang='lat' dir='ltr'>ex</span> <span class='ocrx_word' id='word_1_255' title='bbox 314 2959 443 3020; x_wconf 88' lang='lat' dir='ltr'>amicitia</span> <span class='ocrx_word' id='word_1_256' title='bbox 463 2959 528 3021; x_wconf 60' lang='lat' dir='ltr'>&#39;non</span> <span class='ocrx_word' id='word_1_257' title='bbox 550 2972 666 3037; x_wconf 75' lang='lat' dir='ltr'>potest,</span> <span class='ocrx_word' id='word_1_258' title='bbox 695 2963 811 3022; x_wconf 87' lang='lat' dir='ltr'>sublata</span> <span class='ocrx_word' id='word_1_259' title='bbox 834 2954 914 3022; x_wconf 87' lang='lat' dir='ltr'>enim</span> <span class='ocrx_word' id='word_1_260' title='bbox 937 2958 1144 3020; x_wconf 88' lang='lat' dir='ltr'>benevolentia</span> 
     </span>
     <span class='ocr_line' id='line_1_30' title="bbox 132 3050 1195 3136; baseline -0.001 -21"><span class='ocrx_word' id='word_1_261' title='bbox 132 3055 280 3117; x_wconf 90' lang='lat' dir='ltr'>amicitiae</span> <span class='ocrx_word' id='word_1_262' title='bbox 309 3077 420 3117; x_wconf 90' lang='lat' dir='ltr'>nomen</span> <span class='ocrx_word' id='word_1_263' title='bbox 452 3058 571 3131; x_wconf 90' lang='lat' dir='ltr'>tollitur,</span> <span class='ocrx_word' id='word_1_264' title='bbox 599 3058 824 3136; x_wconf 90' lang='lat' dir='ltr'>propinquitatis</span> <span class='ocrx_word' id='word_1_265' title='bbox 858 3050 967 3119; x_wconf 88' lang='lat' dir='ltr'>manet.</span> <span class='ocrx_word' id='word_1_266' title='bbox 1024 3057 1143 3132; x_wconf 90' lang='lat' dir='ltr'>Quanta</span> <span class='ocrx_word' id='word_1_267' title='bbox 1157 3056 1195 3115; x_wconf 90' lang='lat'>20</span> 
     </span>
     <span class='ocr_line' id='line_1_31' title="bbox 90 3149 1143 3232; baseline 0.002 -22"><span class='ocrx_word' id='word_1_268' title='bbox 90 3181 118 3223; x_wconf 77' lang='lat'>30</span> <span class='ocrx_word' id='word_1_269' title='bbox 130 3161 231 3211; x_wconf 91' lang='lat' dir='ltr'>autem</span> <span class='ocrx_word' id='word_1_270' title='bbox 247 3151 291 3211; x_wconf 89' lang='lat' dir='ltr'>vis</span> <span class='ocrx_word' id='word_1_271' title='bbox 311 3152 457 3230; x_wconf 88' lang='lat' dir='ltr'>amicitiae</span> <span class='ocrx_word' id='word_1_272' title='bbox 471 3153 508 3213; x_wconf 91' lang='lat' dir='ltr'>sit</span> <span class='ocrx_word' id='word_1_273' title='bbox 521 3152 559 3214; x_wconf 79' lang='lat' dir='ltr'>ex</span> <span class='ocrx_word' id='word_1_274' title='bbox 572 3154 631 3213; x_wconf 94' lang='lat' dir='ltr'>hoc</span> <span class='ocrx_word' id='word_1_275' title='bbox 645 3149 779 3232; x_wconf 55' lang='lat' dir='ltr'>&#39;intellegi</span> <span class='ocrx_word' id='word_1_276' title='bbox 796 3154 923 3214; x_wconf 89' lang='lat' dir='ltr'>maxime</span> <span class='ocrx_word' id='word_1_277' title='bbox 936 3162 1041 3230; x_wconf 88' lang='lat' dir='ltr'>potest,</span> <span class='ocrx_word' id='word_1_278' title='bbox 1061 3153 1143 3228; x_wconf 91' lang='lat' dir='ltr'>quod</span> 
     </span>
     <span class='ocr_line' id='line_1_32' title="bbox 133 3249 1142 3329; baseline -0.003 -17"><span class='ocrx_word' id='word_1_279' title='bbox 133 3270 170 3312; x_wconf 83' lang='lat' dir='ltr'>ex</span> <span class='ocrx_word' id='word_1_280' title='bbox 195 3249 310 3310; x_wconf 90' lang='lat' dir='ltr'>infinita</span> <span class='ocrx_word' id='word_1_281' title='bbox 330 3251 471 3312; x_wconf 90' lang='lat' dir='ltr'>societate</span> <span class='ocrx_word' id='word_1_282' title='bbox 491 3252 605 3329; x_wconf 85' lang='lat' dir='ltr'>generis</span> <span class='ocrx_word' id='word_1_283' title='bbox 625 3253 756 3326; x_wconf 88' lang='lat' dir='ltr'>humani,</span> <span class='ocrx_word' id='word_1_284' title='bbox 779 3273 868 3328; x_wconf 86' lang='lat' dir='ltr'>quam</span> <span class='ocrx_word' id='word_1_285' title='bbox 890 3249 1057 3312; x_wconf 87' lang='lat' dir='ltr'>conciliavit</span> <span class='ocrx_word' id='word_1_286' title='bbox 1077 3250 1142 3327; x_wconf 90' lang='lat' dir='ltr'>ipsa</span> 
     </span>
     <span class='ocr_line' id='line_1_33' title="bbox 134 3347 1142 3427; baseline 0.001 -19"><span class='ocrx_word' id='word_1_287' title='bbox 134 3360 245 3422; x_wconf 89' lang='lat' dir='ltr'>natura,</span> <span class='ocrx_word' id='word_1_288' title='bbox 261 3347 302 3408; x_wconf 90' lang='lat' dir='ltr'>ita</span> <span class='ocrx_word' id='word_1_289' title='bbox 316 3360 466 3410; x_wconf 89' lang='lat' dir='ltr'>contracta</span> <span class='ocrx_word' id='word_1_290' title='bbox 479 3370 525 3412; x_wconf 93' lang='lat' dir='ltr'>res</span> <span class='ocrx_word' id='word_1_291' title='bbox 537 3363 581 3412; x_wconf 89' lang='lat' dir='ltr'>est</span> <span class='ocrx_word' id='word_1_292' title='bbox 595 3362 624 3412; x_wconf 91' lang='lat' dir='ltr'>et</span> <span class='ocrx_word' id='word_1_293' title='bbox 638 3353 768 3412; x_wconf 88' lang='lat' dir='ltr'>adducta</span> <span class='ocrx_word' id='word_1_294' title='bbox 775 3350 807 3411; x_wconf 93' lang='lat' dir='ltr'>in</span> <span class='ocrx_word' id='word_1_295' title='bbox 821 3361 987 3427; x_wconf 83' lang='lat' dir='ltr'>augustum,</span> <span class='ocrx_word' id='word_1_296' title='bbox 998 3360 1030 3409; x_wconf 93' lang='lat' dir='ltr'>ut</span> <span class='ocrx_word' id='word_1_297' title='bbox 1045 3349 1142 3409; x_wconf 92' lang='lat' dir='ltr'>omnis</span> 
     </span>
     <span class='ocr_line' id='line_1_34' title="bbox 132 3435 1159 3526; baseline -0.007 -18"><span class='ocrx_word' id='word_1_298' title='bbox 132 3447 235 3508; x_wconf 89' lang='lat' dir='ltr'>caritas</span> <span class='ocrx_word' id='word_1_299' title='bbox 250 3459 300 3508; x_wconf 87' lang='lat' dir='ltr'>aut</span> <span class='ocrx_word' id='word_1_300' title='bbox 313 3445 391 3508; x_wconf 90' lang='lat' dir='ltr'>inter</span> <span class='ocrx_word' id='word_1_301' title='bbox 409 3450 485 3510; x_wconf 92' lang='lat' dir='ltr'>duos</span> <span class='ocrx_word' id='word_1_302' title='bbox 503 3459 553 3509; x_wconf 88' lang='lat' dir='ltr'>aut</span> <span class='ocrx_word' id='word_1_303' title='bbox 572 3440 650 3510; x_wconf 81' lang='lat' dir='ltr'>inter</span> <span class='ocrx_word' id='word_1_304' title='bbox 664 3469 776 3526; x_wconf 90' lang='lat' dir='ltr'>paucos</span> <span class='ocrx_word' id='word_1_305' title='bbox 795 3448 978 3526; x_wconf 60' lang='lat' dir='ltr'>iungeretur.</span> <span class='ocrx_word' id='word_1_306' title='bbox 1011 3435 1159 3507; x_wconf 48' lang='lat' dir='ltr'>unns&amp;</span> 
     </span>
    </p>
   </div>
   <div class='ocr_carea' id='block_1_3' title="bbox 207 3568 1104 3623">
    <p class='ocr_par' dir='ltr' id='par_1_3' title="bbox 207 3568 1104 3623">
     <span class='ocr_line' id='line_1_35' title="bbox 207 3568 1104 3623; baseline -0.006 -2"><span class='ocrx_word' id='word_1_307' title='bbox 207 3581 235 3622; x_wconf 89' lang='lat' dir='ltr'>R.</span> <span class='ocrx_word' id='word_1_308' title='bbox 248 3580 272 3623; x_wconf 90' lang='lat' dir='ltr'>L.</span> <span class='ocrx_word' id='word_1_309' title='bbox 801 3571 805 3578; x_wconf 80' lang='grc'><strong>’</strong></span> <span class='ocrx_word' id='word_1_310' title='bbox 1078 3568 1104 3616; x_wconf 62' lang='grc' dir='ltr'>’ὃ</span> 
     </span>
    </p>
   </div>
   <div class='ocr_carea' id='block_1_4' title="bbox 0 0 1242 3824">
    <p class='ocr_par' dir='ltr' id='par_1_4' title="bbox 0 0 1242 3824">
     <span class='ocr_line' id='line_1_36' title="bbox 0 0 1242 3824; baseline 0 0"><span class='ocrx_word' id='word_1_311' title='bbox 0 0 1242 3824; x_wconf 95' lang='lat' dir='ltr'> </span> 
     </span>
    </p>
   </div>
  </div>
 </body>
</html>
