2476 3824
123 219 334 306 xxvrr102]
465 226 534 284 oa
558 225 780 289 ArrchTJA.
1015 215 1017 220 ’
1090 249 1130 310 59

121 372 212 430 quam
225 352 332 413 illudi?
378 354 469 430 Quod
482 356 517 415 ut
529 375 568 416 ne
582 354 698 418 accidat
712 353 982 436 magis'c'avendum
995 369 1054 421 est:

291 494 331 554 Ut
343 512 387 566 me
397 494 479 553 bodri
489 501 556 553 aazia
567 495 659 554 amnti
671 497 783 555 comicos
792 497 891 556 stultos
902 515 978 557 senes
1059 549 1062 554 .

211 665 214 668 ἱ
290 591 420 652 Versoris
431 600 516 669 alque
526 594 665 653 illusseris
676 595 855 656 lautissime!
898 642 902 651 .

123 738 210 795 Haec
223 734 304 796 enim
322 733 411 796 etiam
426 735 456 795 in
475 736 580 796 sabulis
597 735 769 796 stultissima
783 756 910 814 persona
926 746 971 798 est
989 734 1126 814 improvi-
1140 719 1197 798 100

94 833 225 899 sdorum
254 842 283 893 et
310 832 497 892 credulorum
524 852 637 893 senum.
680 835 739 893 Sed
761 833 863 893 nescio
885 853 945 911 quo
972 846 1061 910 pacto
1088 835 1126 894 ab

120 926 255 986 amicitiis
277 930 474 1004 perfectorum
495 928 657 1003 hominum,
680 928 713 988 id
736 938 781 988 est
802 928 1047 1006 sapientum—de
1069 931 1126 988 hac
1184 925 1186 928 ’

120 1021 190 1083 dico
212 1023 368 1100 sapientia,
387 1037 464 1100 qu'ae
486 1022 604 1084 videtur
624 1023 655 1083 in
668 1023 822 1084 hominem
835 1026 942 1084 cadere
955 1027 1123 1101 posse—ad

120 1119 192 1178 levis
206 1118 350 1187 amicitias
364 1118 485 1179 defluxit
499 1118 601 1185 oratio.
645 1121 744 1196 Quam
757 1122 798 1180 ob
818 1139 880 1180 rem
901 1120 940 1180 ad
961 1119 1011 1180 illa
1030 1121 1125 1198 prima

119 1215 275 1276 redeamus
290 1235 383 1292 eaque
397 1215 462 1292 ipsa
476 1217 692 1275 concludamus
702 1216 871 1294 aliquando.

80 1342 105 1368 ιο
177 1312 309 1371 XXVII.
351 1313 460 1387 Virtus,
482 1311 613 1388 inquam,
635 1315 669 1374 C.
693 1312 796 1388 Fanni,
819 1324 849 1373 et
869 1323 909 1388 tu,
926 1314 963 1389 Q.
986 1312 1079 1387 Muci,
1096 1324 1126 1374 et

119 1409 258 1470 conciliat
270 1408 416 1469 amici—tias
428 1420 458 1469 et
471 1420 633 1470 conservat.
664 1411 703 1469 In
716 1429 752 1470 ea
765 1422 810 1471 est
824 1409 902 1470 enim
917 1410 1124 1471 convenientia

118 1525 223 1580 rerum,
239 1504 487 1580 insanabilius,
502 1505 534 1565 in
547 1525 584 1566 ea
598 1504 778 1566 constantia:
799 1526 959 1584 quaecum
974 1526 1006 1567 se
1021 1507 1124 1567 extulit

119 1613 149 1662 ct
163 1600 293 1662 ostendit
307 1620 393 1661 suum
406 1603 508 1662 lumen
523 1613 552 1661 et
569 1601 651 1661 idem
671 1602 783 1679 aspexit
803 1602 984 1680 agnovitque
1004 1601 1036 1661 in
1056 1602 1123 1677 alio,

92 1751 94 1754 .
118 1698 157 1757 ad
171 1698 203 1758 id
218 1717 250 1758 se
264 1699 405 1758 admovet
412 1696 598 1774 vicissimque
607 1696 714 1774 accipit
728 1697 809 1772 illud,
823 1699 905 1774 quod
918 1697 950 1756 in
964 1699 1056 1758 altero
1070 1709 1123 1773 est,

79 1825 102 1862 15
117 1814 154 1855 ex
167 1813 228 1871 quo
243 1792 407 1852 exardescit
421 1792 482 1853 sive
504 1812 588 1852 amor
605 1791 666 1852 sive
680 1791 817 1851 amicitia.
861 1794 1029 1868 Utrumque
1046 1791 1126 1851 enim

119 1889 232 1951 dictum
246 1899 291 1949 est
304 1890 344 1948 ab
357 1889 487 1948 amando
491 1910 502 1962 3
521 1906 620 1946 amare
634 1897 734 1947 autem
748 1887 821 1946 nihil
832 1897 877 1948 est
891 1886 970 1947 aliud
985 1886 1042 1946 nisi
1056 1906 1125 1946 eum

119 1985 215 2062 ipsum
236 1984 358 2061 diligere
379 2003 470 2060 quem
489 2002 580 2058 ames,
603 1984 685 2042 nulla
705 1982 876 2060 indigentia,
898 1985 980 2043 nulla
999 1983 1126 2043 utilitate
1198 2016 1200 2024 ι

119 2081 264 2159 quaesita:
286 2101 363 2158 quae
377 2091 477 2140 tamen
491 2079 556 2158 ipsa
569 2079 732 2141 ecflorescit
746 2099 783 2140 ex
796 2079 933 2155 amicitia,
949 2079 1039 2141 etiam
1053 2080 1077 2139 si
1090 2090 1124 2140 tu

118 2200 184 2240 eam
198 2178 296 2238 minus
309 2189 426 2238 secutus
441 2177 489 2238 sis.
533 2180 602 2237 Hac
618 2197 674 2237 nos
693 2177 898 2238 adulescentes
918 2177 1125 2238 benevolentia
1140 2178 1196 2237 101

78 2309 104 2336 20
117 2296 202 2336 senes
222 2275 298 2349 illos,
312 2277 345 2335 L.
363 2277 498 2347 Paulum,
514 2276 557 2333 M.
572 2277 728 2349 Catonem,
739 2276 773 2336 C.
790 2275 918 2349 Gallum,
929 2277 960 2333 P.
974 2274 1122 2349 Nasicam,

117 2369 163 2428 Ti.
174 2369 343 2430 Gracchum
352 2366 498 2445 Scipionis
510 2366 603 2426 nostri
611 2386 747 2427 socerum
761 2365 932 2427 dileximus:
952 2367 1027 2425 haec
1035 2365 1126 2426 etiam

117 2464 211 2541 magis
235 2464 332 2523 elucet
354 2463 430 2522 inter
451 2462 590 2539 aequalis,
606 2473 639 2522 ut
663 2462 741 2522 inter
761 2481 809 2521 me
833 2473 863 2523 et
887 2461 1065 2538 Scipionem,
1089 2464 1122 2522 L.

117 2560 248 2634 Furium,
264 2561 296 2618 P.
312 2557 476 2634 Rupilium,
492 2559 540 2634 Sp.
557 2557 752 2617 Mummium:
772 2555 901 2616 vicissim
919 2568 1018 2615 autem
1039 2575 1125 2615 senes

116 2652 147 2712 in
161 2651 395 2713 adulescentium
409 2652 529 2712 caritate
542 2651 766 2728 acquiescimus,
781 2661 814 2711 ut
828 2651 859 2710 in
872 2662 976 2725 vestra,
991 2661 1024 2710 ut
1037 2650 1068 2708 in
1084 2651 1121 2724 Q.

77 2780 102 2818 25
119 2748 287 2809 Tuberonis
292 2770 302 2823 3
322 2748 461 2825 equidem
475 2747 565 2808 etiarn
579 2748 743 2807 admodum
757 2732 955 2806 adulescentis
969 2748 1001 2805 P.
1019 2744 1122 2819 Rutili,

115 2848 153 2906 A.
168 2845 289 2922 Vergini
301 2844 498 2905 familiaritate
512 2845 651 2905 delector.
682 2842 892 2919 Quoniamque
906 2842 947 2901 ita
960 2840 1034 2901 ratio
1045 2860 1125 2900 com-

116 2952 219 3019 parata
240 2953 284 3002 est
302 2941 381 3004 vitae
400 2950 584 3021 naturaeque
607 2950 734 3014 nostrae,
752 2950 786 2999 ut
808 2940 866 2999 alia
892 2950 974 2999 aetas
1002 2937 1120 3013 oriatur,

117 3037 244 3098 maxime
258 3038 379 3115 quidem
390 3038 556 3114 optandum
571 3048 615 3097 est
628 3047 661 3096 ut
673 3056 742 3096 cum
756 3035 929 3114 aequalibus
943 3033 1047 3112 possis,
1058 3033 1123 3110 qui-

116 3137 242 3194 buscum
258 3145 411 3211 tamquam
435 3154 452 3195 e
471 3134 636 3194 carceribus
660 3133 784 3193 emissus
807 3131 854 3208 sis,
874 3152 942 3191 cum
965 3131 1060 3191 isdem
1085 3131 1124 3190 ad

75 3265 101 3302 30
114 3233 234 3305 calcem,
241 3242 274 3290 ut
285 3230 563 3308 dicitur,pervenire.
587 3228 792 3307 Sedquoniam
800 3230 998 3289 reshumanae
1007 3225 1121 3304 fragiles
1137 3227 1194 3286 102

116 3329 510 3405 caducaequesunt,semper
519 3325 611 3403 aliqui
619 3325 796 3402 anquirendi
805 3334 872 3384 sunt
881 3342 958 3400 quos
968 3322 1124 3400 diligamus

116 3436 146 3487 et
159 3445 178 3485 a
191 3424 297 3503 quibus
312 3423 477 3502 diligamur:
499 3423 620 3485 caritate
631 3422 711 3483 enim
724 3420 990 3499 benevolentiaque
1008 3420 1125 3480 sublata
