2476 3824
138 217 178 288 '50
479 204 493 256 Ι
536 201 734 269 [AELIUS
774 202 792 256 ’ἶ
996 195 1142 286 [xlx-'69'
1232 194 1234 196 ’

137 336 277 400 inferiori.
307 339 403 416 Saepe
418 334 496 398 enim
510 329 703 398 excellentiae
717 336 864 414 quaedam
879 327 956 409 sunt,
971 332 1066 412 qualis
1081 345 1144 395 erat

137 433 287 512 Scipionis
304 434 335 494 in
354 444 464 507 nostro,
480 444 512 493 ut
531 433 572 492 ita
589 432 697 507 dicam,
716 453 812 511 grege.
855 436 1028 509 Numquam
1044 432 1142 496 seille

138 531 708 609 Philo,numquamRupilio,numquam
717 531 866 614 Mummio
876 530 1143 609 anteposuitnum

137 641 227 708 quam
244 629 387 691 inferioris
404 629 515 691 ordinis
534 629 644 689 amicis.
688 631 724 704 Q.
740 648 811 690 vero
830 628 997 689 Maximum
1013 630 1140 700 fratrem,

138 727 288 805 egregium
314 726 409 786 virum
435 727 568 800 omnino,
590 725 646 787 sibi
673 745 864 803 nequaquam
884 744 995 802 parem,
1016 724 1098 802 quod
1119 724 1143 784 is
1158 748 1182 792 ⁶⁵

137 823 270 883 anteibat
283 833 389 898 aetate,
405 834 557 900 tamquam
572 822 752 899 superiorem
766 821 884 882 colebat
902 839 1031 898 suosque
1044 819 1142 881 omnis

86 918 124 978 70
137 928 192 995 per
204 937 236 978 se
250 937 337 995 posse
349 938 413 978 esse
424 917 582 995 ampliores
590 917 717 979 volebat.
748 918 839 994 Quod
848 916 1017 977 faciendum
1027 916 1142 977 imitan-

138 1017 269 1097 dumque
285 1029 329 1078 est
342 1017 491 1090 omnibus,
501 1028 543 1089 ut,
553 1017 578 1077 si
592 1037 681 1095 quam
697 1015 906 1094 praestantiam
915 1014 1029 1076 virtutis
1040 1014 1140 1093 ingeni

138 1114 274 1173 fortunae
287 1113 441 1173 consecuti
456 1123 531 1186 sunt,
547 1113 717 1190 impertiant
732 1133 767 1172 ea
786 1113 846 1172 suis
861 1101 1141 1189 communicentque

105 1200 106 1203 ¹
138 1229 207 1269 cum
229 1210 370 1287 proximis
375 1231 385 1285 ;
405 1220 446 1281 ut,
462 1208 488 1268 si
507 1209 680 1286 parentibus
700 1209 763 1269 nati
780 1209 838 1269 sint
853 1208 1023 1284 humilibus,
1038 1209 1063 1269 si
1077 1227 1143 1286 pro
1152 1229 1182 1266 aa

137 1307 266 1385 'pinquos
279 1309 409 1368 habeant
426 1308 620 1369 imbecilliore
638 1309 685 1368 vel
706 1308 806 1369 animo
825 1310 872 1368 vel
891 1309 1016 1381 fortuna,
1038 1326 1140 1368 eorum

138 1413 265 1480 augeant
285 1423 359 1480 opes
380 1404 482 1481 eisque
503 1403 610 1464 honori
631 1403 689 1464 sint
710 1415 740 1464 et
760 1403 910 1480 dignitati:
931 1403 1010 1463 utin
1024 1403 1139 1475 sabulis,

137 1498 190 1576 qui
211 1499 393 1576 aliquamdiu
416 1511 537 1577 propter
558 1500 774 1576 ignorationem
798 1499 900 1577 stirpis
918 1510 947 1559 et
969 1499 1085 1576 generis
1109 1498 1140 1558 in

132 1597 279 1656 ‘famulatu
294 1599 420 1671 fuerunt,
436 1617 505 1656 cum
519 1596 630 1675 cogniti
645 1608 713 1657 sunt
727 1603 757 1657 et
771 1608 821 1657 aut
835 1589 959 1657 deorum
972 1608 1024 1656 aut
1037 1615 1140 1674 regum

138 1693 191 1754 filii
204 1693 325 1769 inventi,
336 1694 465 1755 retinent
478 1705 577 1754 tamen
590 1695 744 1755 caritatem
758 1695 788 1754 in
802 1705 944 1772 pastores,
957 1714 1031 1773 quos
1044 1706 1142 1773 patres
1156 1718 1180 1763 ις

83 1781 84 1784 “
137 1792 248 1853 multos
260 1809 355 1850 annos
370 1809 434 1850 esse
442 1791 602 1852 duxerunt.
639 1793 731 1868 Quod
740 1800 785 1851 est
795 1793 889 1852 multo
902 1794 1035 1868 profecto
1048 1790 1141 1869 magis

135 1888 170 1950 in
183 1888 260 1950 veris
273 1888 407 1965 patribus
420 1889 566 1965 certisque
580 1889 759 1950 faciendum.
802 1891 925 1950 Fructus
943 1889 1024 1950 enirn
1041 1888 1140 1968 ingeni

136 1995 169 2045 et
181 1983 295 2045 virtutis
309 1983 464 2061 omnisque
479 1985 675 2061 praestantiae
691 1996 754 2045 tum
774 1984 919 2045 maximus
934 1985 1056 2062 capitur,
1071 2004 1140 2045 cum

136 2081 170 2143 in
184 2082 351 2160 proximum
366 2102 514 2159 quemque
529 2085 685 2143 confertur.

88 2179 125 2240 71
200 2180 268 2237 XX.
312 2180 356 2239 Ut
365 2177 457 2254 *igitur
465 2165 508 2250 ei,
523 2176 656 2254 quisunt
671 2177 701 2237 in
710 2162 1141 2255 amicitiaeconiunctionisque
1155 2208 1180 2234 ω

139 2273 358 2335 necessitudine
377 2272 549 2349 superioreS,
568 2292 731 2349 exaequare
750 2294 781 2333 se
799 2293 870 2334 cum
887 2273 1072 2334 inferioribus
1091 2274 1141 2333 de-

139 2373 220 2444 bent,
245 2368 289 2430 sic
315 2367 467 2429 inferiores
484 2386 551 2446 non
573 2369 674 2428 dolere
697 2388 770 2428 sea
792 2368 852 2430 suis
874 2378 924 2429 aut
946 2367 1067 2445 ingenio
1089 2378 1140 2428 aut

138 2471 257 2529 fortuna
271 2476 327 2526 ‘aut
345 2464 488 2543 dignitate
502 2464 646 2541 superari.
691 2466 827 2539 Quorum
845 2464 977 2542 plerique
1000 2475 1051 2524 aut
1071 2484 1140 2541 que·

138 2576 242 2626 runtur
256 2582 373 2639 semper
386 2561 498 2638 aliquid
507 2570 563 2620 -aut
580 2560 668 2620 etiam
682 2562 868 2638 exprobrant,
888 2582 985 2640 eoque
998 2562 1099 2638 magis,
1114 2563 1139 2623 si

139 2663 248 2724 habere
262 2681 294 2721 se
307 2670 413 2737 putant
427 2660 508 2736 quod
517 2659 648 2720 officiose
663 2671 693 2720 et
703 2660 799 2720 amice
811 2671 840 2722 et
852 2681 921 2722 cum
932 2664 1033 2722 labore
1041 2661 1140 2738 aliquo
1151 2693 1178 2730 25

140 2777 194 2820 suo
217 2759 327 2817 factum
353 2766 462 2832 queant
476 2755 587 2815 dicere:
615 2755 752 2820 odiosum
777 2776 848 2817 sane
869 2776 962 2834 genus
985 2757 1138 2816 hominum

139 2854 237 2917 officia
258 2852 507 2929 exprobrantium,
530 2871 608 2930 quae
627 2852 800 2920 meminisse
828 2854 918 2913 debet
944 2852 978 2927 is,
1001 2853 1032 2912 in
1051 2866 1139 2930 quem

87 2954 125 3013 72
139 2952 247 3013 collata
261 2960 338 3021 sunt,
353 2968 415 3008 non
428 2968 661 3008 commemorare
675 2947 727 3025 qui
736 2949 874 3008 contulit.
901 2942 999 3024 Quam
1014 2949 1054 3008 ob
1067 2944 1138 3022 rem,

134 3060 172 3110 ut
192 3048 228 3122 ei,
242 3046 295 3124 qui
314 3044 478 3123 superiores
493 3056 570 3118 sunt,
586 3045 759 3106 submittere
774 3064 806 3105 se
824 3045 934 3104 debent
950 3043 982 3105 in
1000 3044 1138 3119 amicitia,

135 3144 184 3204 -sic
200 3143 333 3220 quodam
352 3141 444 3200 modo
463 3140 613 3200 inferiores
632 3141 780 3200 extollere.
823 3141 897 3199 Sunt
915 3139 994 3198 enim
1010 3139 1139 3216 quidam,
1154 3172 1179 3209 ,ο

133 3237 346 3316 quimorem
358 3234 503 3296 amicitias
517 3235 637 3307 faciunt,
653 3255 722 3295 cum
737 3235 793 3312 ipsi
807 3254 839 3294 se
857 3233 1009 3294 contemni
1022 3245 1139 3310 putant:

140 3337 223 3414 quod
243 3354 305 3394 non
318 3335 379 3396 lere
387 3332 538 3410 contingit
551 3332 609 3392 nisi
623 3329 674 3404 eis,
689 3331 741 3409 qui
755 3329 845 3391 etiam
858 3331 1094 3390 contemnendos
1108 3348 1140 3390 se

36 3455 41 3462 ’
132 3433 324 3506 arbitrantur,
343 3430 397 3511 qui
417 3433 474 3494 hae
494 3431 636 3508 opinione
657 3450 717 3490 non
739 3429 831 3489 modo
851 3427 955 3501 verbis,
978 3426 1031 3488 sed
1051 3425 1139 3487 etiarn
