2476 3824
122 227 162 303 58
515 217 716 280 suarius
954 210 1124 297 [xxv197

122 352 209 425 valet,
233 348 259 410 si
285 349 376 411 modo
398 347 431 409 id
454 348 634 427 patefactum
662 355 693 406 et
719 343 896 405 illustratum
918 351 972 413 est,
997 338 1069 418 quid
1092 337 1125 398 in

122 445 251 507 amicitia
264 444 327 506 fieri
341 455 466 523 oportet,
477 462 554 521 quae
568 452 632 503 tota
645 441 767 504 veritate
781 437 994 518 perpenditur?
1015 439 1053 497 In
1067 453 1131 511 qua

122 543 187 619 nisi,
209 554 243 604 ut
263 542 376 618 dicitur,
400 553 535 620 apertum
557 552 661 619 pectus
680 539 784 602 videas
807 549 952 616 tuumque
974 536 1124 608 ostendas,

123 640 196 702 nihil
210 640 313 713 fidum,
329 638 402 700 nihil
418 640 604 716 exploratum
623 638 742 712 habeas,
758 657 798 697 ne
816 656 916 697 amare
935 634 1057 713 quidem
1075 645 1127 692 aut

124 735 223 812 amari,
238 756 306 796 cum
316 735 347 796 id
362 755 451 813 quam
465 755 532 797 vere
546 736 598 794 fiat
610 733 735 812 ignores.
759 735 948 811 Quamquam
961 732 1018 791 ista
1031 749 1129 790 assen-
1156 760 1169 798 5

125 833 208 906 tatio,
230 832 364 910 quamvis
384 833 551 911 perniciosa
571 833 616 909 sit,
640 852 749 894 nocere
770 843 871 912 tamen
897 827 1010 891 nemini
1031 822 1129 907 pot'est
1158 847 1160 850 ·

125 930 182 991 nisi
202 931 237 1006 ei,
260 930 312 1007 qui
332 949 398 991 eam
418 930 523 1008 recipit
542 932 631 1008 atq'ue
652 950 688 991 ea
709 931 880 991 delectatur.
922 931 973 989 Ita
991 929 1025 988 fit
1048 938 1081 986 ut
1105 925 1132 985 is

126 1029 357 1090 assentatoribus
378 1028 535 1106 patefaciat
556 1028 634 1088 auris
659 1047 726 1088 suas
748 1027 884 1101 maxime,
908 1025 960 1103 qui
987 1025 1052 1102 ipse
1074 1023 1154 1083 sibi.-

75 1126 113 1186 98
126 1137 292 1188 assentetur
305 1137 335 1187 et
349 1146 381 1187 se
401 1125 529 1186 maxime
545 1126 608 1204 ipse
627 1127 763 1187 delectet.
806 1124 939 1187 Omnino
959 1134 1005 1184 est
1025 1141 1130 1182 amans

128 1224 173 1284 sui
186 1225 276 1285 virtus
282 1245 291 1299 ;
311 1225 423 1303 optime
438 1225 564 1285 enimse
583 1225 646 1302 ipsa
666 1224 750 1285 novit
769 1241 919 1303 quamque
937 1222 1073 1283 amabilis
1095 1221 1133 1281 sit
1148 1252 1173 1280 ιο

128 1321 284 1399 intellegit:
305 1341 361 1398 ego
375 1332 475 1383 autem
489 1341 551 1382 non
562 1323 601 1382 de
613 1321 721 1382 virtute
734 1341 816 1382 nunc
829 1324 943 1398 loquor,
956 1321 1009 1381 sed
1024 1321 1062 1380 de
1075 1319 1131 1379 vir·
1170 1344 1174 1350 ¹

127 1418 198 1476 tutis
222 1415 371 1494 opinione.
414 1417 532 1478 Virtute
552 1417 632 1478 enim
652 1417 718 1494 ipsa
737 1437 800 1478 non
820 1415 986 1477 tammulti
1005 1413 1132 1494 praediti

129 1532 194 1574 esse
209 1533 299 1591 quam
311 1513 404 1574 videri
417 1515 529 1575 volunt
574 1516 643 1574 Hos
657 1515 785 1575 delectat
803 1515 971 1590 assentatio,
987 1513 1033 1574 his
1047 1515 1133 1572 fictus

130 1612 170 1670 ad
191 1610 321 1688 ipsorum
343 1612 527 1672 voluntatem
551 1631 653 1672 sermo·
675 1632 745 1672 cum
775 1611 941 1685 adhibetur,
967 1610 1131 1672 orationem

130 1705 210 1766 illam
223 1726 330 1766 vanam
344 1706 547 1767 testimonium
561 1727 627 1768 esse
640 1709 762 1768 laudum
777 1727 895 1768 suarum
909 1717 1021 1784 putant.
1044 1707 1135 1765 Nulla
1150 1737 1173 1774 ts

132 1812 176 1862 est
196 1801 284 1880 igitur
302 1804 378 1863 haec
390 1802 535 1877 amicitia,
557 1823 627 1864 cum
646 1805 721 1864 alter
739 1822 842 1863 verum
861 1803 964 1864 audire
984 1819 1046 1863 non
1062 1804 1133 1876 volt,

131 1901 206 1959 alter
231 1901 270 1960 ad
296 1900 504 1961 mentiendum
532 1912 650 1978 paratus
678 1912 730 1962 est
788 1904 855 1961 Nec
881 1900 1077 1978 parasitorum
1104 1901 1135 1960 in

132 1996 297 2058 comoediis
310 1997 470 2059 assentatio
478 1999 576 2059 faceta
584 1998 671 2060 nobis
684 1999 841 2075 videretur,
847 1997 914 2059 :nisi
922 2011 1021 2060 essent
1029 1997 1136 2058 milites
1161 2002 1166 2008 ’

120 2091 260 2168 Υςίοτίοεί.
835 2105 836 2108 ’

313 2231 443 2306 Magnas
456 2249 521 2290 vero
533 2233 735 2308 ageregratias
750 2228 841 2291 Iberi·
854 2231 929 2290 mihi
931 2232 946 2291 l
1153 2262 1179 2290 πο

135 2373 211 2437 Satis
229 2387 291 2437 erat
311 2378 492 2454 respondere
514 2378 667 2456 ‘magnas’
711 2377 853 2456 Ingentis,
870 2377 976 2456 inquit¹
1016 2380 1138 2456 Semper

135 2484 223 2550 auget
245 2485 411 2534 assentator
431 2473 471 2550 id,
494 2475 578 2550 quod
601 2473 633 2549 is,
652 2473 736 2534 cuius
757 2475 798 2534 ad
814 2475 998 2535 voluntatem
1021 2473 1137 2548 dicitur,

84 2572 121 2632 99
135 2573 197 2633 volt
212 2591 276 2633 esse
294 2592 444 2650 magnum.
488 2573 589 2646 Quam
608 2575 649 2633 ob
667 2592 738 2647 rem,
754 2585 936 2650 quamquam
954 2572 1066 2632 blanda
1082 2571 1140 2630 ista

135 2668 251 2729 vanitas
268 2670 348 2745 apud
370 2688 421 2729 eos
438 2671 524 2744 valet,
547 2668 599 2746 qui
615 2667 672 2746 ipsi
689 2669 771 2729 illam
788 2670 938 2729 adlectant
954 2679 984 2729 et
1005 2666 1139 2740 invitant,

137 2776 238 2825 tamen
256 2765 346 2825 etiam
364 2765 512 2842 graviores
529 2765 805 2842 constantioresque
819 2763 1004 2825 admonendi
1018 2772 1094 2837 sunt,
1109 2773 1142 2821 ut
1156 2793 1180 2830 ας

137 2860 373 2921 animadvertant
395 2881 433 2921 ne
460 2861 570 2921 callida
596 2861 798 2924 assentatione
826 2847 988 2939 capiantur.
1008 2905 1009 2908 ,
1030 2861 1142 2934 Aperte

138 2955 218 3018 enirn
232 2956 403 3017 adulantem
421 2975 511 3016 nemo
525 2975 588 3017 non
601 2956 690 3030 videt,
705 2957 763 3017 nisi
785 2957 836 3034 qui
852 2957 1015 3017 admodum
1034 2964 1079 3014 est
1096 2973 1144 3014 ex-

138 3073 223 3113 cors:
243 3052 368 3114 callidus
383 3053 432 3114 ille
447 3065 476 3113 et
490 3055 623 3114 occultus
642 3073 680 3114 ne
695 3073 727 3114 se
741 3054 879 3128 insinuet,
893 3051 1024 3112 studiose
1039 3069 1144 3110 caven-

140 3151 212 3210 dum
231 3161 284 3213 est.
327 3153 394 3212 Nec
412 3150 492 3211 enim
511 3150 649 3212 facillime
665 3151 841 3226 agnoscitur,
858 3149 968 3228 quippe
988 3147 1040 3225 qui
1054 3146 1143 3207 etiam

139 3246 325 3306 adversando
333 3265 422 3322 saepe
436 3257 602 3306 assentetur
612 3256 642 3306 et
655 3245 768 3322 litigare
783 3265 815 3305 se
826 3245 966 3305 simulans
977 3244 1147 3306 blandiatur
1160 3276 1186 3313 30

141 3353 230 3418 atque
252 3341 292 3401 ad
313 3353 478 3402 extremum
501 3343 553 3403 det
573 3362 678 3402 manus
695 3341 833 3420 vincique
854 3361 885 3402 se
901 3341 1036 3419 patiatur,
1057 3352 1089 3400 ut
1108 3340 1142 3414 is,

139 3437 191 3512 qui
211 3437 317 3499 illusus
339 3439 385 3515 sit,
406 3439 474 3518 plus
498 3438 606 3500 vidisse
627 3438 768 3500 videatur.
813 3437 894 3514 Quid
915 3449 1015 3498 autem
1032 3436 1144 3514 turpius
