2476 3824
99 205 193 265 XVII
208 201 260 287 62]
446 206 514 268 DE
539 207 763 271 AMICITIA.
1063 226 1102 284 47

97 335 255 414 quisquam
268 335 381 400 amicus
392 357 457 401 esse
466 339 576 418 poterit
589 338 626 415 ei,
641 339 689 401 cui
703 360 735 401 se
745 338 862 418 putabit
873 337 1026 401 inimicum
1038 351 1108 402 esse¹

96 435 204 511 posse?
243 433 324 511 Quin
338 435 428 496 etiam
447 455 569 498 necesse
589 435 644 498 erit
664 457 773 515 cupere
791 448 821 498 et
837 448 940 515 optare
959 448 993 498 ut
1012 456 1103 515 quam

96 529 269 609 saepissime
282 543 389 608 peccet
402 531 525 606 amicus,
540 552 601 609 quo
610 533 702 612 pluris
716 535 768 595 det
779 534 836 595 sibi
849 544 1002 612 tamquam
1015 554 1103 596 ansas

95 628 136 689 ad
144 628 437 706 reprehendendum:
456 647 570 689 rursum
581 639 681 690 autem
691 640 771 690 recte
781 628 866 690 sactis
876 630 1102 708 commodisque

68 723 258 792 samicomm
278 743 400 786 necesse
421 726 475 787 erit
495 725 564 805 angi
584 727 686 787 dolere
713 724 854 786 invidere.
897 727 965 801 Qua
987 746 1020 788 re
1042 726 1102 786 hoc
1116 727 1155 786 60

96 821 218 897 quidem
236 831 438 898 praeceptum,
453 822 669 898 cuiuscumque
688 830 741 894 est,
761 821 801 881 ad
814 823 978 882 tollendam
991 821 1104 883 amicit-

95 907 153 978 iam
166 920 258 979 valet:
279 917 353 978 illud
361 920 461 996 potius
469 918 713 996 praecipiendum
724 916 785 992 fuit,
798 929 831 978 ut
842 937 908 979 eam
919 918 1102 996 diligentiam

94 1012 302 1075 adhiberemus
321 1012 352 1074 in
369 1012 504 1073 amicitiis
521 1011 738 1090 comparandis,
753 1022 787 1072 ut
804 1031 843 1073 ne
862 1015 984 1089 quando
1002 1031 1101 1074 amare

95 1109 290 1187 inciperemus
309 1130 387 1184 eum,
405 1130 495 1187 quem
515 1111 677 1186 aliquando
696 1109 794 1171 odisse
812 1129 977 1187 possemus.
1019 1110 1101 1187 Quin

55 1237 80 1265 ιο
94 1203 183 1266 etiam
203 1203 228 1264 si
248 1203 348 1264 minus
368 1202 471 1264 felices
490 1202 522 1262 in
542 1201 695 1279 diligendo
714 1201 880 1278 fuissemus,
894 1203 1048 1264 ferendum
1068 1203 1100 1265 id

95 1300 194 1378 Scipio
227 1299 327 1378 potius
362 1319 451 1377 quam
492 1298 713 1360 inimicitiarum
749 1309 866 1377 tempus
906 1300 1105 1378 cogitandum-

94 1399 225 1476 putabat.
1103 1443 1105 1447 <

152 1498 257 1556 XVII.
300 1495 360 1556 His
388 1495 475 1575 igitur
501 1496 611 1558 finibus
637 1499 781 1559 utendum
810 1497 941 1571 arbitror,
964 1509 1006 1572 ut,
1029 1517 1098 1558 curn
1113 1497 1150 1557 61

93 1593 243 1656 emendati
252 1595 520 1657 moresamicorum
530 1596 709 1671 sint,tumsit
718 1597 854 1657 intereos
865 1596 1098 1658 omniumremm

54 1724 77 1762 ις
91 1691 281 1753 consiliorum
299 1693 486 1753 voluntatum
499 1692 563 1753 sine
579 1695 639 1754 ulla
652 1693 828 1770 exceptione
844 1695 1049 1767 communitas,
1065 1706 1098 1754 ut

92 1787 181 1848 etiam
202 1787 226 1847 si
247 1807 306 1864 qua
326 1789 444 1848 fortuna
464 1787 604 1849 acciderit
626 1800 661 1849 ut
688 1789 786 1848 minus
814 1787 908 1849 iustae
935 1790 1097 1850 amicorum

91 1886 258 1944 voluntates
268 1883 453 1945 adiuvandae
467 1883 533 1958 sint,
543 1882 575 1943 in
589 1883 697 1961 quibus
711 1903 815 1945 eorum
828 1894 879 1945 aut
893 1895 981 1962 caput
995 1898 1099 1963 agatur

91 1990 144 2040 aut
156 1980 243 2054 fama,
255 1979 468 2041 declinandum
482 1980 521 2040 de
534 1979 583 2039 via
595 1979 641 2054 sit,
656 1981 750 2042 modo
763 2000 802 2040 ne
816 2000 932 2040 summa
944 1980 1097 2059 turpitudo

92 2086 246 2153 sequatur,
274 2087 319 2136 est
346 2075 427 2136 enim
447 2086 594 2153 quatenus
621 2075 769 2138 amicitiae
796 2076 859 2137 dari
882 2076 970 2139 venia
992 2080 1095 2156 possit.

51 2204 77 2232 ω
91 2176 158 2233 Nec
177 2193 248 2233 vero
266 2173 453 2251 neglegenda
471 2185 515 2234 est
534 2175 622 2248 fama,
640 2193 698 2234 nec
714 2173 864 2236 mediocre
880 2176 974 2235 telum
994 2177 1034 2236 ad
1049 2195 1097 2237 res

91 2271 235 2348 gerendas
263 2270 429 2332 existimare
457 2282 575 2348 oportet
598 2271 838 2332 benevolentiam
865 2271 981 2346 civium,
1006 2267 1097 2349 qu'am

91 2367 242 2428 blanditiis
266 2378 296 2427 et
316 2368 498 2429 assentando
521 2367 659 2445 colligere
680 2379 766 2445 turpe
794 2379 854 2429 est:
883 2368 983 2443 virtuS,
1006 2389 1095 2446 quam

91 2462 222 2540 sequitur
236 2464 350 2538 caritas,
362 2464 485 2524 minime
502 2465 689 2542 repudianda
708 2476 762 2526 est.
804 2466 995 2542 Sed-saepe
1016 2467 1095 2525 enirn
1110 2467 1147 2525 62

90 2559 182 2620 redeo
199 2561 239 2619 ad
259 2558 437 2636 Scipionem,
453 2560 536 2620 cuius
556 2561 654 2621 omnis
674 2579 771 2622 sermo
789 2571 852 2621 erat
873 2561 910 2621 de
927 2561 1096 2621 amicitia-

51 2687 76 2726 ις
90 2658 268 2734 querebatur
292 2658 373 2734 quod
401 2657 540 2718 omnibus
566 2656 599 2717 in
623 2660 711 2718 rebus
738 2656 874 2719 homines
895 2657 1097 2736 diligentiores

91 2763 203 2814 essent:
225 2773 329 2831 capras
350 2764 381 2814 et
401 2752 464 2814 ovis
485 2763 560 2830 quot
580 2753 707 2830 quisque
727 2754 850 2814 haberet
875 2753 972 2814 dicere
995 2771 1094 2837 posse,

91 2851 202 2911 amicos
223 2862 297 2928 quot
317 2852 440 2912 haberet
458 2870 522 2912 non
541 2870 631 2928 posse
651 2851 749 2912 dicere
755 2874 765 2927 3
785 2862 815 2912 et
839 2853 870 2912 in
893 2852 950 2913 illis
972 2853 1095 2929 quidem
1127 2879 1149 2915 ῃ

89 2948 229 3025 parandis
250 2948 390 3010 adhibere
410 2968 522 3021 curam,
543 2947 575 3008 in
601 2948 705 3009 amicis
727 2949 885 3026 diligendis
912 2951 1095 3027 neglegentis

89 3063 156 3106 esse
168 3064 226 3106 nec
245 3046 356 3106 habere
374 3044 459 3123 quasi
478 3045 562 3122 signa
580 3037 728 3122 quaedam
748 3055 778 3106 et
796 3057 891 3120 notas,
907 3047 1014 3124 quibus
1032 3068 1094 3123 eos,

50 3172 76 3210 30
89 3141 141 3218 qui
154 3142 194 3201 ad
207 3141 368 3203 amicitiam
381 3153 480 3204 essent
493 3141 604 3215 idonei,
618 3141 790 3203 iudicarent
832 3145 907 3204 Sunt
920 3144 1007 3221 igitur
1019 3144 1095 3206 firmi

90 3249 121 3300 et
141 3238 259 3301 stabiles
279 3252 310 3302 et
330 3252 500 3302 constantes
522 3240 657 3319 eligendi,
680 3241 763 3303 cuius
783 3243 899 3320 generis
922 3254 966 3304 est
986 3263 1096 3320 magna

90 3334 227 3413 penuria3
247 3346 278 3396 et
295 3336 425 3399 iudicare
439 3336 559 3399 difficile
580 3348 625 3399 est
639 3357 710 3399 sane
729 3337 788 3400 nisi
805 3338 1094 3416 expertum,experi-

91 3433 203 3492 endum
224 3442 324 3493 autem
348 3432 445 3497 estin
466 3432 532 3514 ipsa
554 3432 698 3500 amicitia:
718 3435 759 3496 ita
782 3434 942 3515 praecurrit
964 3434 1094 3496 amicitia
