2476 3824
149 216 188 271 42
546 198 746 260 Lanatus
1022 197 1153 284 [x1142

142 322 269 389 debuit:
289 323 360 386 fecit
372 324 455 386 idem
468 326 552 402 quod
568 323 672 403 viginti
685 324 771 386 annis
785 337 855 387 ante
868 327 950 403 apud
969 346 1024 388 nos
1044 330 1154 389 fecerat

139 419 335 482 Coriolanus.
378 422 438 482 His
451 422 569 485 adiutor
582 433 686 483 contra
698 421 825 499 patriam
837 421 976 484 inventus
990 436 1035 485 est
1048 444 1138 486 nemo
1145 448 1153 500 3

95 515 134 576 43
149 516 249 595 itaque
264 530 391 581 mortem
408 520 465 582 sibi
484 532 608 598 uterque
632 520 783 583 conscivit
826 523 895 598 Qua
911 542 944 583 re
960 522 1026 583 talis
1046 522 1152 600 impro

85 643 87 653 ·
149 615 255 676 borum
276 616 434 679 consensio
454 639 514 680 non
537 620 630 680 modo
653 619 850 682 excusatione
859 620 1007 682 amicitiae
1025 623 1153 699 tegenda

147 731 210 772 non
225 724 277 789 est,
292 716 347 776 sed
360 715 459 792 potius
473 715 619 792 supplicio
634 714 717 777 omni
726 715 906 777 vindicanda
920 727 973 791 est,
988 728 1072 779 utne
1087 719 1153 795 quis
1181 749 1193 787 5

147 829 322 871 concessum
333 823 417 889 putet
427 811 557 872 amicum
571 815 617 874 vel
627 814 740 874 bellum
753 813 865 891 patriae
874 814 1050 876 inserentem
1058 817 1150 893 sequi.

137 908 239 990 Quod
264 907 394 986 quidem,
418 921 452 970 ut
474 929 521 970 res
545 909 587 970 ire
608 909 716 988 coepit,
740 912 821 971 haud
843 911 905 972 scio
928 932 968 972 an
992 914 1151 991 aliquando

147 1003 276 1064 futurum
298 1005 348 1066 sit:
369 1005 442 1065 mihi
463 1017 562 1067 antem
584 1025 647 1067 non
671 1005 779 1066 minori
800 1025 889 1068 curae
913 1019 968 1080 est,
991 1009 1086 1087 qualis
1106 1030 1152 1070 res

146 1103 266 1178 publica
280 1115 348 1181 post
362 1117 489 1166 mortem
502 1124 601 1166 meam
614 1106 711 1165 futura
724 1104 770 1178 sit,
781 1123 870 1180 quam
885 1105 980 1182 qualis
997 1106 1089 1167 hodie
1104 1105 1148 1165 sit

64 1204 65 1208 ’
93 1195 143 1306 44
208 1202 300 1261 XIII.
345 1200 460 1262 Haec
451 1200 539 1279 igitur
556 1201 652 1278 prima
670 1203 718 1261 lex
735 1199 836 1261 amicit
837 1199 883 1262 iae
897 1201 1100 1276 sanciatur‚ut
1067 1205 1152 1262 utab
1168 1234 1192 1261 ιο

147 1295 250 1358 amicis
263 1299 389 1359 honesta
402 1309 547 1376 petamus,
563 1298 727 1359 amicorum
745 1318 836 1359 causa
853 1300 980 1360 honesta
999 1299 1149 1372 faciamus,

147 1409 186 1451 ne
196 1404 401 1470 exspectemus
412 1394 533 1472 quidem
548 1394 619 1454 dum
628 1413 774 1472 rogemur,
787 1393 918 1455 studium
932 1414 1049 1472 semper
1062 1395 1148 1466 adsit,

146 1490 298 1553 cunctatio
329 1491 416 1566 absit,
438 1491 597 1552 consilium
631 1510 734 1552 verum
762 1492 832 1552 dare
858 1491 1021 1552 audeamus
1048 1491 1148 1564 libere,

146 1587 305 1663 plurimum
332 1588 363 1648 in
394 1588 523 1650 amicitia
546 1589 709 1648 amicorum
732 1589 811 1649 bene
840 1588 1029 1649 suadentium
1052 1590 1149 1648 valeat

145 1686 312 1761 auctoritas,
338 1707 431 1765 eaque
454 1698 484 1749 et
507 1686 683 1747 adhibeatur
707 1687 747 1747 ad
768 1686 952 1746 monendum
974 1705 1036 1746 non
1058 1689 1151 1748 modo
1166 1718 1190 1755 ις

139 1794 252 1859 aperte,
273 1785 326 1845 sed
344 1785 433 1846 etiam
446 1785 559 1858 acriter,
575 1785 599 1845 si
614 1803 660 1844 res
673 1782 845 1860 postulabit,
861 1793 890 1843 et
904 1782 1054 1843 adhibitae
1067 1803 1150 1860 pare·

90 1880 216 1942 45'atur.
266 1887 347 1943 Nam
372 1883 560 1961 quibusdam,
584 1902 660 1959 quos
688 1880 777 1941 audio
805 1880 952 1957 sapientes
975 1879 1092 1941 habitos
1118 1882 1149 1941 in

144 1979 277 2053 Graecia,
295 1981 442 2057 placuisse
460 1979 567 2057 opinor
584 1977 729 2038 mirabilia
747 1978 988 2054 quaedam—sed
1007 1977 1080 2037 nihil
1096 1991 1148 2050 est,

143 2075 226 2150 quod
247 2075 290 2135 illi
312 2096 374 2136 non
392 2087 607 2153 persequantur
625 2073 893 2153 argutiis-partim
909 2073 1066 2150 fugiendas
1083 2094 1148 2135 esse

137 2171 249 2231 nimias
270 2173 425 2246 amicitias,
448 2192 486 2233 ne
508 2192 631 2233 necesse
648 2172 686 2232 sit
706 2191 800 2231 unum
823 2171 984 2232 sollicitum
1009 2192 1074 2232 esse
1095 2193 1149 2250 pro
1164 2206 1189 2233 20

141 2267 294 2342 pluribus3
323 2268 393 2328 satis
414 2287 562 2345 superque
590 2288 655 2328 esse
686 2267 743 2328 sibi
763 2287 884 2327 suarum
905 2267 1012 2344 cuique
1041 2289 1148 2340 rerum,

142 2364 246 2425 alienis
275 2364 364 2425 nimis
392 2364 536 2442 implicari
567 2365 727 2424 molestum
756 2383 820 2424 esse
827 2385 836 2437 ;
870 2364 1148 2425 commodissimum

85 2503 87 2508 ·
141 2483 318 2541 essequam
342 2462 506 2523 laxissimas
530 2463 663 2522 habenas
684 2452 795 2522 habere
818 2460 975 2535 amicitiae,
997 2482 1071 2539 quas
1100 2467 1148 2523 vel
1231 2450 1233 2455 ¹

141 2563 274 2623 adducas
304 2579 374 2620 cum
407 2557 480 2620 velis
514 2559 562 2619 vel
590 2556 741 2631 remittas3
778 2570 868 2634 caput
896 2557 976 2619 enim
1015 2577 1080 2618 esse
1108 2562 1148 2619 ad

140 2659 227 2720 beate
244 2656 406 2717 vivendum
427 2654 627 2728 securitatem,
642 2674 702 2731 qua
718 2653 774 2714 frui
791 2673 853 2714 non
871 2653 966 2731 possit
983 2652 1111 2728 animus,
1126 2656 1151 2715 si
1165 2687 1189 2725 25

85 2755 125 2816 46
141 2768 294 2833 tamquam
311 2751 453 2831 parturiat
474 2772 551 2812 unus
571 2771 626 2829 pro
647 2751 787 2828 pluribus.
825 2750 911 2810 Alios
925 2761 1025 2810 autem
1047 2750 1148 2812 dicere

140 2855 223 2915 aiunt
236 2855 331 2913 multo
346 2851 436 2912 etiam
455 2850 654 2922 inhumanius,
677 2869 768 2926 quem
789 2850 888 2908 locum
907 2847 1035 2909 breviter
1056 2853 1146 2927 paulo

139 2963 208 3012 ante
235 2947 399 3028 perstrimri,
426 2947 557 3025 praesidi
585 2944 810 3021 adiumentique
837 2964 935 3019 causa,
969 2965 1032 3005 non
1059 2949 1148 3008 bene-

137 3048 286 3111 volentiae
306 3066 406 3124 neque
427 3043 555 3106 caritatis
575 3042 720 3104 amicitias
741 3061 805 3103 esse
825 3044 1024 3119 expetendas:
1046 3043 1148 3123 itaque

138 3157 172 3207 ut
186 3145 312 3223 quisque
330 3140 487 3203 minimum
501 3139 646 3201 firmitatis
666 3141 789 3200 haberet
802 3138 1020 3218 minimumque
1033 3140 1146 3216 virium,
1163 3175 1189 3212 30

137 3243 180 3304 ita
202 3242 348 3303 amicitias
368 3251 509 3318 appetere
529 3237 677 3298 maxime:
698 3255 735 3297 ex
756 3255 794 3298 eo
815 3235 878 3296 fieri
898 3247 932 3296 ut
954 3237 1146 3301 mulierculae

136 3339 230 3419 magis
251 3338 447 3400 amicitiamm
467 3336 613 3414 praesidia
633 3346 777 3412 quaerant
797 3354 887 3412 quam
907 3334 970 3409 viri,
991 3347 1021 3397 et
1040 3335 1145 3414 inopes

71 3439 122 3493 47
128 3457 225 3508 quam
238 3435 390 3513 opulenti,
402 3445 435 3496 et
449 3432 616 3495 calamitosi
630 3453 721 3513 quam
736 3432 763 3495 ei
778 3432 829 3510 qui
843 3444 986 3510 putentur
998 3432 1085 3494 beati.
1118 3437 1146 3498 O
