2476 3824
136 223 174 288 32
490 222 494 229 “
530 208 729 274 LAELIUS
1030 214 1089 298 [IV
1106 238 1142 290 14

135 335 209 407 nihil
231 335 308 396 mali.
351 338 445 398 Sensu
468 340 548 399 enim
571 341 680 403 amisso
704 343 737 402 fit
759 342 848 417 idem,
871 343 954 420 quasi
975 355 1060 405 natus
1080 365 1142 406 non

137 444 214 493 esset
228 433 361 507 omniun,
376 453 465 510 quern
480 445 579 496 tamen
599 458 664 498 esse
682 449 785 498 natum
806 451 835 499 et
854 459 910 500 nos
927 442 1091 518 gaudemus
1113 454 1141 502 et
1181 483 1184 490 ·
1234 470 1237 474 ’

85 530 121 589 15
137 531 211 591 haec
229 530 339 605 civitas,
356 533 429 591 dum
449 533 510 606 erit,
531 535 696 597 laetabitur.
741 538 839 610 Quam
861 538 900 598 ob
920 558 984 598 rem
1004 558 1073 597 cum
1090 538 1141 598 illo

137 625 265 702 quidem,
291 638 433 704 utsupra
456 628 525 702 dixi,
551 642 651 690 actum
673 631 787 708 optime
810 644 864 706 est,
886 653 1004 693 mecum
1031 633 1141 693 incom-

135 722 262 796 modius
280 743 369 800 quem
387 725 480 785 fuerat
497 725 628 802 aequius,
648 738 682 787 ut
701 728 783 804 prius
802 727 981 802 introieram‚
1003 731 1045 789 sic
1061 729 1140 806 prius
1169 760 1181 798 ⁵

137 820 216 881 exire
231 823 268 881 de
282 822 349 885 vita.
393 824 452 883 Sed
466 835 567 884 tamen
587 824 792 885 recordatione
807 837 924 885 nostrae
937 825 1085 886 amicitiae
1098 825 1141 886 sic

135 918 223 991 fruor,
245 929 277 978 ut
298 920 387 980 beate
406 919 514 980 vixisse
534 921 643 996 videar,
667 921 738 998 quia
757 942 827 981 cum
848 921 988 999 Scipione
1009 923 1138 995 vixerim,

135 1034 267 1091 quocum
291 1015 363 1074 mihi
387 1016 547 1076 coniuncta
567 1037 638 1076 cura
658 1019 697 1078 de
717 1010 887 1094 publicare
910 1030 941 1079 et
967 1020 1006 1079 de
1029 1020 1141 1097 privata

135 1113 199 1186 suit,
215 1134 344 1191 quocum
359 1124 388 1174 et
403 1114 510 1174 domus
524 1114 579 1174 fuit
593 1126 623 1175 et
636 1115 741 1175 militia
755 1117 921 1176 communis
936 1128 974 1191 et,
990 1117 1020 1178 id
1035 1117 1140 1195 inquo

136 1204 233 1271 omnis
246 1212 290 1272 vis
308 1222 353 1272 est
371 1211 529 1287 amicitiae,
541 1216 725 1274 voluntatum
745 1215 913 1275 studiorum·
930 1219 1138 1294 sententiarum
1156 1251 1180 1277 ιο

136 1325 253 1366 summa
265 1308 431 1369 consensio.
461 1312 643 1387 Itaque'non
658 1322 718 1370 tarn
733 1311 789 1371 ista·
802 1331 850 1372 me
865 1311 1035 1388 sapientiae,
1051 1334 1140 1391 quam

135 1407 229 1466 modo
242 1405 373 1464 Fannius
382 1407 636 1481 commemoravit,
645 1409 722 1467 fama
731 1408 868 1481 delectat,
878 1410 951 1467 falsa
959 1411 1137 1485 praesertim,

134 1521 226 1578 quam
241 1504 322 1580 quod
340 1503 486 1564 amicitiae
500 1516 620 1565 nostrae
636 1505 809 1564 memoriam
827 1525 914 1582 spero
931 1505 1140 1582 sempiternam

133 1600 205 1674 sore,
221 1600 312 1678 idque
326 1621 362 1662 eo
371 1600 444 1660 mihi
458 1601 551 1679 magis
564 1613 610 1662 est
623 1601 714 1675 cordi,
725 1602 805 1678 quod
817 1622 853 1661 ex
862 1600 1000 1661 omnibus
1015 1590 1139 1662 saeculis

134 1696 185 1757 vix
205 1698 259 1758 tria
279 1710 330 1759 aut
351 1709 491 1775 quattuor
511 1699 702 1759 nominantur
721 1699 803 1777 paria
823 1699 995 1774 amicorum,
1017 1719 1077 1776 quo
1107 1701 1137 1759 in
1156 1733 1179 1770 ις

134 1788 242 1870 genere
264 1813 380 1870 sperare
404 1793 507 1854 videor
530 1794 676 1872 Scipionis
698 1807 728 1856 et
752 1795 835 1856 Laeli
856 1794 1017 1855 amicitiam
1038 1808 1139 1856 notam

133 1883 297 1966 posteritati
311 1893 380 1952 fore.

82 1984 119 2044 16
195 1981 349 2049 Fannius.
394 1990 477 2050 Istuc
501 1988 631 2066 quidem,
657 1990 749 2063 Laeli,
774 1990 816 2051 ita
838 2011 961 2052 necesse
986 2002 1038 2051 est.
1081 1991 1139 2052 Sed

134 2083 275 2158 quoniam
290 2083 436 2145 amicitiae
451 2085 633 2146 mentionem
648 2085 743 2146 fecisti
757 2098 786 2146 et
801 2106 902 2147 sumus
915 2087 1011 2160 otiosi,
1026 2108 1139 2165 pergra-

133 2190 197 2239 tum
206 2179 279 2239 mihi
287 2180 517 2257 feceris—spero
532 2182 604 2241 item
615 2183 849 2255 Scaevolae-si,
860 2202 949 2258 quem
962 2184 1001 2242 ad
1015 2186 1139 2242 modum
1154 2215 1179 2241 20

134 2276 211 2334 soles
226 2277 264 2335 de
278 2275 382 2335 ceteris
397 2277 493 2347 rebus,
509 2295 577 2334 cum
592 2296 629 2336 ex
642 2287 672 2336 te
687 2288 875 2352 quaeruntur,
891 2276 934 2336 sic
955 2279 994 2338 de
1010 2277 1139 2337 amicitia

133 2374 290 2451 disputaris
314 2375 386 2452 quid
411 2375 531 2448 sentias,
551 2376 668 2451 qualem
696 2373 853 2447 existimes,
878 2384 957 2451 quae¹
982 2379 1138 2452 praecepta

134 2472 195 2531 des.
232 2473 399 2532 Semvorx.
424 2470 502 2530 Mihi
520 2490 590 2532 vero
605 2469 658 2531 erit
671 2480 794 2548 gratum,
809 2481 899 2546 atque
913 2469 944 2530 id
959 2471 1056 2547 ipsum
1069 2491 1137 2530 cum

134 2578 232 2629 tecum
261 2589 347 2646 agere
372 2588 502 2640 conarer,
528 2566 658 2627 Fannius
682 2566 850 2626 antevertit:
889 2586 980 2644 quam
1009 2568 1048 2627 ob
1075 2588 1138 2628 rem

133 2666 249 2741 utrique
262 2677 397 2726 nostrum
410 2678 523 2744 gratum
537 2665 702 2725 admodum
716 2663 829 2724 feceris.
890 2649 896 2662 ’
1153 2698 1177 2735 25

80 2764 118 2823 17
192 2765 228 2823 V.
259 2766 404 2824 Laruas.
442 2767 507 2841 Ego
527 2782 597 2823 vero
612 2782 673 2822 non
687 2781 828 2838 gravarer,
847 2760 872 2820 si
886 2761 958 2821 mihi
972 2762 1035 2840 ipse
1048 2765 1139 2822 confi·

133 2862 242 2935 derem,
262 2880 332 2920 narn
346 2872 376 2921 et
389 2863 539 2938 praeclara
554 2880 600 2920 res
622 2870 667 2920 est
687 2870 717 2919 et
730 2878 841 2932 sumus,
856 2869 889 2918 ut
908 2860 982 2921 dixit
997 2862 1136 2936 Fannius,

133 2956 229 3016 otiosi.
274 2959 332 3018 Sed
342 2957 408 3033 quis
422 2977 477 3034 ego
493 2976 559 3016 sum
567 2965 618 3016 aut
633 2967 768 3033 quaeest
782 2955 814 3015 in
828 2976 877 3016 me
891 2958 1039 3016 facultas?
1059 2960 1138 3017 Doc-

132 3061 230 3112 torum
244 3063 288 3113 est
302 3051 358 3111 ista
377 3053 565 3112 consuetudo
581 3071 676 3127 eaque
694 3054 887 3124 Graecorum,
901 3061 933 3110 ut
953 3051 995 3111 eis
1012 3063 1138 3128 ponatur

132 3150 171 3209 de
185 3169 245 3226 quo
259 3149 411 3226 disputent
425 3149 558 3226 quamvis
573 3150 678 3209 subito
709 3151 855 3225 Magnum
866 3167 941 3224 opus
955 3160 999 3209 est
1014 3160 1137 3226 egetque
1153 3181 1178 3218 30

132 3246 347 3308 exercitatione
359 3267 421 3307 non
440 3266 538 3323 parva.
581 3247 680 3320 Quam
699 3245 740 3304 ob
760 3264 823 3304 rem
842 3264 919 3320 quae
939 3245 1081 3322 disputari
1099 3246 1137 3305 de

131 3341 260 3401 amicitia
273 3355 406 3420 possunt,
422 3343 461 3402 ab
475 3342 518 3402 eis
536 3361 646 3402 censeo
665 3340 781 3419 petatis,
796 3340 848 3416 qui
868 3341 925 3400 ista
943 3343 1135 3418 profitentur:

130 3459 187 3512 ego
201 3459 254 3498 vos
269 3441 378 3502 hortari
394 3452 507 3501 tantum
522 3459 652 3518 possum,
669 3450 702 3501 ut
723 3439 882 3500 amicitiam
898 3441 1034 3502 omnibus
1048 3442 1135 3502 rebus
