2476 3824
327 577 382 652 M.
421 578 593 653 susm
633 581 935 677 ciceronis

404 823 407 828 -
446 776 813 874 LAELIUS

474 983 532 1041 ou
559 985 772 1045 Anteiam.
844 1052 846 1057 ,

180 1348 204 1406 Ι.
256 1348 293 1423 Q.
325 1348 455 1432 Muctus
486 1365 580 1424 augur
609 1349 703 1408 multa
734 1367 852 1407 narrare
884 1346 923 1406 de
957 1348 991 1407 C.
1019 1346 1154 1406 Laeliol

119 1461 222 1504 socero
240 1462 294 1504 suo
311 1438 481 1504 memoriter
500 1455 530 1504 et
545 1443 675 1504 iucunde
691 1446 805 1505 solebat
819 1464 876 1504 nec
890 1445 1025 1504 dubitare
1039 1445 1122 1504 illum
1200 1456 1201 1460 ’

118 1539 150 1599 in
163 1540 245 1600 omni
259 1560 395 1600 sermone
414 1542 563 1617 appellare
584 1540 757 1618 sapientem.
801 1543 866 1618 Ego
884 1552 984 1600 autem
1002 1561 1021 1599 a
1038 1552 1122 1617 patre

117 1636 160 1698 ita
174 1658 252 1698 eram
262 1640 407 1698 deductus
421 1639 460 1697 ad
471 1640 644 1698 Scaevolam
659 1649 776 1715 sumpta
789 1639 864 1697 virili
878 1649 957 1714 toga,
966 1649 1007 1710 ut,
1023 1639 1122 1714 quoad

96 1753 238 1811 spossem
271 1750 302 1795 et
328 1735 438 1808 liceret,
466 1755 485 1796 a
512 1735 590 1796 senis
617 1738 708 1795 latere
735 1755 900 1812 numquam
928 1735 1120 1796 discederem.

119 1834 225 1908 Itaque
238 1835 332 1893 multa
342 1835 381 1894 ab
390 1853 427 1894 eo
440 1836 601 1912 prudenter
614 1833 771 1909 disputata,
784 1835 877 1892 multa
891 1833 980 1893 etiam
994 1833 1121 1894 breviter

30 1958 33 1964 ·
118 1940 149 1990 et
162 1933 321 1992 commode
339 1933 420 1992 dicta
439 1931 601 1991 memoriae
620 1932 810 2003 mandabam,
824 1930 946 2007 fierique
964 1933 1120 1993 studebam

118 2025 182 2086 eius
202 2029 364 2104 ¹prudentia
391 2027 515 2089 doctior.
558 2030 629 2103 Quo
656 2039 772 2089 mortuo
806 2049 855 2089 me
881 2030 920 2089 ad
947 2031 1120 2107 pontificem

117 2123 291 2183 Scaevolam
310 2125 431 2198 contuli,
451 2144 541 2201 quem
557 2145 651 2184 unum
669 2137 788 2185 nostrae
808 2124 934 2186 civitatis
951 2138 980 2187 et
999 2127 1119 2205 ingenio

77 2250 102 2278 ιο
114 2229 145 2278 et
158 2218 268 2280 iustitia
280 2221 564 2297 praestantissimum
577 2224 676 2282 audeo
691 2222 806 2282 dicere.»
839 2225 899 2282 Sed
913 2224 951 2282 de
965 2225 1024 2283 hoc
1037 2225 1117 2297 alias,

115 2335 195 2376 nunc
216 2319 308 2377 redeo
327 2319 367 2376 ad
387 2337 536 2395 augurem.
580 2321 658 2380 Cum
678 2339 767 2396 saepe
787 2321 889 2392 multa,
912 2330 976 2379 tum
997 2320 1151 2381 memini2

115 2415 198 2475 domi
211 2415 242 2474 in
255 2416 431 2494 hemicyclio
452 2419 615 2491 sedentem,
630 2429 663 2478 ut
678 2421 802 2492 solebat,
817 2439 885 2477 cum
902 2429 932 2478 et
949 2439 1004 2495 ego
1024 2439 1119 2480 essem

114 2532 175 2572 una
189 2524 219 2573 et
234 2514 322 2590 pauci
343 2515 507 2574 admodum
526 2515 692 2588 familiares
708 2515 739 2574 in
760 2535 829 2575 eum
846 2534 1013 2575 sermonem
1035 2515 1119 2575 illum

114 2611 254 2685 incidere,
271 2611 322 2688 qui
342 2623 405 2672 tum
425 2613 486 2671 fere
507 2612 608 2672 multis
629 2623 691 2672 erat
710 2612 815 2672 inore.
859 2612 1024 2672 Meministi
1038 2613 1117 2672 enim

75 2710 256 2785 15prosecto,
271 2709 380 2780 Attice,
397 2718 427 2768 et
441 2727 478 2768 eo
491 2707 593 2785 magis,
610 2709 692 2784 quod
707 2711 739 2768 P.
756 2708 888 2786 Sulpicio
906 2711 1029 2769 utebare
1043 2710 1118 2768 mul-

114 2816 188 2879 tum,
203 2824 272 2864 cum
285 2804 311 2864 is
325 2804 459 2864 tribunus
473 2804 570 2882 plebis
584 2805 703 2881 capitali
722 2805 793 2865 odio
808 2826 826 2864 a
841 2807 880 2880 Q.
895 2792 1050 2882 Pompei0,
1065 2809 1117 2884 qui

51 2946 55 2955 ,
114 2912 178 2961 tum
192 2913 254 2961 erat
267 2903 381 2975 consul,
397 2901 560 2976 dissideret,
576 2922 706 2979 quocum
720 2903 961 2963 coniunctissime
975 2915 1005 2964 et
1018 2924 1118 2964 aman-

114 2992 226 3057 tissime
247 2997 368 3068 vixerat,
391 2990 505 3073 quanta
533 3009 610 3057 esset
637 2997 792 3058 hominum
819 3001 866 3058 vel
893 2997 1048 3058 admiratio
1069 3002 1117 3060 vel
1145 2985 1147 2991 ⁸

114 3093 252 3168 querella
295 3095 401 3170 Itaque
421 3104 485 3153 tum
503 3095 651 3166 Scaevola,
667 3113 735 3153 cum
753 3093 784 3153 in
804 3114 869 3155 eam
883 3093 979 3171 ipsam
992 3093 1148 3156 mentio3

73 3221 99 3250 ω
112 3208 183 3269 nem
203 3188 363 3263 incidisset,
378 3192 514 3267 exposuit
528 3190 616 3251 nobis
635 3211 802 3252 sermonem
824 3191 907 3251 Laeli
927 3194 965 3252 de
986 3192 1116 3253 amicitia

113 3283 248 3344 habitum
259 3285 298 3344 ab
311 3284 363 3346 illo
374 3305 475 3345 secum
485 3297 515 3346 et
528 3306 597 3345 cum
606 3288 698 3346 altero
711 3307 821 3364 genero
832 3289 866 3349 C.
880 3287 1004 3364 Fannio,
1019 3289 1116 3350 Marci

113 3381 183 3456 filio,
198 3381 301 3460 paucis
316 3381 421 3443 diebus
434 3395 502 3460 post
515 3395 641 3446 mortem
654 3385 792 3446 Africani.
824 3385 898 3447 Eius
909 3385 1126 3462 disputationis
