2476 3824
105 215 158 274 ru
175 206 223 294 14]
451 207 523 272 oa
542 205 765 272 AMICITIA.
1073 232 1108 288 31

106 356 212 424 'posset
226 345 368 406 accedere
378 367 387 420 3
408 333 553 405 moriendi
568 356 668 404 autem
689 351 809 404 sensum
830 328 963 404 celeritas
981 343 1110 404 abstulit.

112 443 182 516 Quo
197 442 235 502 de
248 461 355 518 genere
366 440 468 500 mortis
482 439 600 499 difficile
615 441 696 499 dictu
710 450 769 509 est;
790 438 862 514 quid
870 438 1006 498 homines
1022 437 1113 515 suspi-

113 549 219 599 centur
233 538 353 598 videtis:
373 539 433 597 hoc
452 557 521 598 vere
540 548 640 597 tamen
659 537 728 597 licet
747 535 854 609 dicere,
870 539 902 596 P.
925 536 1056 613 Scipioni
1077 557 1113 597 ex

104 631 211 692 multis
222 631 418 708 diebus,quos
429 631 460 690 in
468 630 528 690 vita
538 631 744 690 celeberrimos
754 629 989 706 laetissimosque
998 631 1111 704 viderit,

63 753 72 786 ·:
90 729 196 798 5illum
207 727 286 788 diem
297 727 489 787 clarissimum
499 727 595 799 fuisse,
607 746 676 785 cum
687 735 790 786 senatu
804 724 926 786 dimisso
940 727 1063 786 domum
1071 747 1114 787 re·
1186 804 1188 810 Ι

112 820 218 882 ductus
226 833 270 883 est
280 824 319 882 ad
327 822 647 899 vesperumapatribus
656 821 954 898 conscriptis,populo
964 824 1112 896 Roman0,

113 918 201 978 sociis
221 930 252 978 et
272 918 395 991 Latinis,
410 917 505 994 pridie
519 937 610 994 quam
628 917 753 977 excessit
767 937 784 976 e
797 918 865 989 vita,
881 928 914 976 ut
928 937 964 977 ex
977 929 1037 977 tam
1051 921 1111 978 alto

112 1015 263 1092 dignitatis
282 1016 374 1093 gradu
394 1015 434 1074 ad
455 1033 577 1090 superos
597 1013 732 1074 videatur
752 1013 825 1073 deos
845 1013 943 1089 potius
964 1034 1053 1090 quam
1073 1017 1113 1075 ad

105 1112 221 1172 inferos
234 1111 409 1190 pervenisse.

74 1243 99 1269 ιο
173 1211 226 1269 IV.
269 1212 376 1285 Neque
390 1209 469 1270 enim
483 1208 633 1270 adsentior
648 1209 698 1281 εἰς,
714 1207 765 1286 qui
778 1229 872 1286 nuper
884 1207 958 1269 haec
972 1206 1112 1268 disserere
1128 1209 1165 1267 13

113 1317 282 1382 coeperunt,
292 1326 361 1365 cum
369 1306 541 1383 corporibus
555 1305 641 1366 simul
655 1306 769 1365 animos
783 1305 900 1365 interire
909 1315 998 1380 atque
1012 1303 1114 1378 omnia

107 1411 208 1461 ¹morte
230 1401 329 1462 deleri.
373 1403 444 1460 Plus
465 1403 544 1478 apud
568 1421 618 1462 me
639 1402 826 1479 antiquorum
846 1400 1004 1461 auctoritas
1024 1401 1110 1474 valet,

108 1501 160 1559 :vel
173 1511 340 1560 nostrorum
354 1500 508 1571 maiorum,
524 1499 576 1576 qui
586 1499 709 1560 mortuis
724 1511 783 1559 tam
798 1499 934 1576 religiosa
947 1499 1009 1558 iura
1023 1499 1112 1559 tribu·

113 1609 206 1672 erunt,
221 1601 379 1676 quodnon
392 1598 530 1658 fecissent
543 1599 685 1674 profect0,
707 1596 732 1656 si
748 1596 822 1655 nihil
840 1597 879 1654 ad
898 1615 950 1656 eos
965 1596 1112 1673 pertinere

73 1722 97 1760 ις
113 1692 327 1767 arbitrarentur,
341 1694 389 1752 vel
408 1712 511 1753 eorum
532 1692 583 1768 qui
603 1692 634 1751 in
654 1693 711 1751 hac
731 1703 807 1752 terra
826 1693 943 1750 fuerunt
963 1710 1112 1767 magnam-

114 1808 172 1864 que
193 1790 356 1861 Graeciam,
379 1808 455 1864 quae
471 1809 551 1848 nunc
570 1788 692 1865 quidem
703 1790 809 1848 vdeleta
829 1799 882 1860 est,
897 1799 962 1847 tum
979 1789 1110 1861 florebat,

113 1882 254 1941 institutis
267 1893 296 1942 et
308 1882 472 1959 praeceptis
485 1884 544 1942 suis
562 1883 739 1956 erudierunt,
752 1885 800 1943 vel
813 1882 884 1955 eius,
900 1881 951 1958 qui
965 1884 1111 1959 Apollinis

114 1979 233 2038 oraculo
251 1978 483 2055 sapientissimus
501 1991 546 2039 est
563 1978 718 2053 iudicatus,
734 1979 785 2056 qui
805 2000 867 2040 non
887 1991 953 2039 turn
970 1981 1029 2040 hoc
1047 1992 1110 2041 tum
1159 1980 1161 1984 ’

112 2073 195 2148 illud,
217 2085 250 2134 ut
272 2075 303 2134 in
320 2075 477 2152 plerisque,
498 2077 553 2135 sed
575 2075 656 2136 idem
677 2095 800 2153 semper,
822 2075 937 2137 animos
955 2076 1111 2138 hominum

73 2204 97 2232 ω
113 2192 177 2233 esse
192 2172 308 2233 divinos
322 2172 432 2249 eisque,
444 2192 513 2232 cum
526 2193 564 2232 ex
577 2193 700 2251 corpore
718 2173 917 2249 excessissent,
933 2175 1059 2235 reditum
1079 2175 1111 2235 in

112 2272 226 2332 caelum
247 2281 347 2349 patere
370 2267 543 2348 optimoque
564 2282 594 2332 et
618 2271 784 2332 iustissimo.
801 2272 909 2349 cuique
931 2272 1111 2348 expeditissi-

113 2391 203 2430 mum.
249 2372 341 2445 Quod
361 2369 443 2430 idem
464 2368 595 2446 Scipioni
615 2369 779 2443 videbatur,
802 2369 852 2446 qui
873 2369 1004 2446 quidem,
1026 2369 1110 2445 quasi
1125 2369 1163 2427 14

112 2466 295 2544 praesagiret,
310 2465 465 2544 perpaucis
482 2476 551 2527 ante
569 2477 695 2527 mortem
709 2467 822 2539 diebus,
838 2486 907 2525 cum
921 2476 951 2526 et
966 2465 1067 2525 Philus
1081 2477 1111 2525 et

16 2613 20 2623 .
114 2560 253 2621 Manilius
266 2563 383 2622 adesset
398 2572 427 2622 et
441 2561 491 2620 alii
500 2563 607 2638 plures,
619 2572 712 2638 tuque
723 2562 822 2634 etiam,
832 2562 980 2634 Scaevola,
992 2580 1111 2619 mecum

75 2688 99 2726 ες
113 2658 248 2736 venisses,
268 2659 398 2722 triduum
413 2660 549 2722 disseruit
563 2663 602 2722 de
614 2682 646 2721 re
660 2661 787 2738 publiea,
803 2660 886 2720 cuius
901 2659 1110 2736 disputationis

110 2754 165 2815 fuit
182 2768 345 2818 extremum
366 2755 427 2818 fere
448 2758 487 2817 de
505 2756 725 2818 immortalitate
743 2756 917 2830 animorum,
932 2776 1009 2832 quae
1030 2775 1062 2816 se
1079 2756 1111 2815 in

111 2851 210 2928 quiete
223 2854 385 2930 pervisum
400 2873 436 2913 ex
454 2852 593 2912 Asricano
607 2852 726 2913 audisse
743 2852 870 2913 dicebat.
913 2853 950 2911 Id
965 2851 990 2912 si
1002 2851 1044 2911 ita
1056 2863 1109 2926 est,

109 2959 143 3008 ut
157 2950 262 3026 optimi
275 2950 418 3027 cuiusque
426 2949 543 3009 animus
556 2950 588 3008 in
600 2961 696 3010 morte
708 2949 847 3010 facillime
858 2950 954 3011 evolet
964 2960 1114 3025 tamquam

110 3064 127 3105 e
141 3046 276 3105 custodia
288 3046 451 3124 vinclisque
465 3045 604 3123 corporis,
620 3045 668 3104 cui
682 3033 836 3106 censemus
854 3065 972 3106 cursum
985 3046 1024 3104 ad
1038 3045 1111 3106 deos
1187 3116 1189 3122 Ι

26 3199 31 3205 .
70 3172 96 3212 30
110 3139 270 3201 faciliorem
283 3142 375 3202 fuisse
387 3162 477 3219 quam
491 3141 646 3218 Scipioni?
674 3141 820 3217 Quocirca
833 3161 963 3202 maerere
975 3142 1034 3201 hoc
1048 3142 1111 3203 eius

109 3245 217 3297 eventu
238 3256 339 3298 vereor
357 3257 396 3298 ne
413 3237 507 3298 invidi
525 3237 620 3316 magis
640 3257 730 3314 quam
748 3237 836 3298 amici
854 3237 899 3297 sit
942 3236 994 3298 Sin
1011 3249 1111 3299 autem

109 3333 160 3392 illa
172 3330 295 3406 veriora,
307 3345 340 3394 ut
353 3333 434 3394 idem
452 3333 585 3395 interitus
599 3331 637 3394 sit
649 3333 816 3394 animorum
837 3345 867 3395 et
880 3353 1036 3411 corporum
1053 3355 1111 3396 nec

108 3429 185 3490 ullus
207 3447 312 3490 sensus
334 3440 462 3506 maneat,
483 3441 517 3492 ut
536 3431 613 3491 nihil
633 3431 706 3493 boni
726 3443 771 3495 est
790 3431 822 3492 in
841 3441 947 3509 morte,
967 3431 1011 3494 sic
1030 3444 1110 3495 certe
